3934 5342
470 374 1250 473 sinen-eroaenMrJorrr:
1381 402 1472 488 aar·

195 524 390 624 ‚3scilicet
417 524 522 625 super
547 525 710 620 citndern
739 522 922 605 Civitatis
949 524 1190 605 medietatem
1228 523 1303 626 (4)
1329 511 1410 628 Qui
1450 526 1530 606 Do·

196 681 224 725 ‚‚
251 628 376 706 minus
405 625 575 706 Marinus
613 652 681 726 pro
705 652 752 708 eo
773 681 787 720 ‚
810 626 921 728 quod
947 626 1051 706 illius
1088 649 1255 727 parentes
1292 652 1338 705 ex
1373 628 1532 727 antiquo

196 729 346 828 „apud
376 727 650 810 Monallerium
667 725 711 805 8.
739 725 896 827 Georgii
924 728 1200 821 tumulantur,
1236 728 1273 805 8(
1299 727 1375 828 ipse
1410 729 1541 832 credit,

196 881 224 925 „
251 825 428 907 tumulari
455 826 730 930 ,·’(ς).(1ἰ1ἰςίῑ
758 791 1033 906 Monaderium
1053 880 1068 922 ‚
1090 828 1139 938 8(
1174 826 1397 910 Confratres
1421 884 1433 905 .
1469 826 1531 907 Ad

196 981 223 1024 ,‚
247 951 359 1027 quem
386 954 476 1010 curn
505 928 609 1010 Prior
636 926 819 1029 prosediua
845 926 1038 1014 accellrllet
1060 982 1073 1023 ‚
1099 928 1136 1006 8(
1161 928 1309 1020 secreta³
1326 929 1381 1006 sui
1408 927 1531 1008 cordis

194 1081 226 1126 ”
246 1027 442 1231 illst
462 1030 724 1218 {iiiiii
742 1029 937 1208 {llil
963 1028 1534 1211 lzll00¹¹ltdtllllltl

195 1182 222 1225 „
595 1203 598 1212 1
1088 1187 1097 1207 ,
1518 1174 1533 1191 .

194 1283 223 1328 „
248 1250 414 1311 moratus
448 1232 616 1311 amicum
651 1230 802 1310 fidelem
838 1232 1024 1330 Jacobum
1061 1232 1302 1311 Grimaldum
1339 1231 1533 1311 nomine.
1648 1319 1651 1326 ,

194 1383 223 1426 „
248 1330 362 1410 Hunc
388 1331 561 1431 rogavit,
587 1353 629 1410 ut
656 1332 853 1431 pretiosam
880 1357 1073 1432 gemmam
1093 1333 1160 1411 suo
1180 1332 1323 1412 Abbati
1349 1330 1534 1427 deferret,

196 1484 224 1528 „
248 1455 329 1530 quac
357 1458 434 1512 non
460 1434 581 1512 solum
609 1432 909 1529 Metlosedum,
934 1433 996 1514 sed
1022 1433 1059 1512 8(
1086 1453 1207 1514 totam
1235 1435 1439 1514 Venetiam
1466 1433 1530 1514 sua

193 1583 221 1629 „
247 1532 438 1632 prasentia
464 1536 686 1614 decoraret.
720 1541 822 1638 Nam
851 1534 941 1612 srcut
968 1534 1009 1612 Β.
1040 1535 1218 1613 Marcum
1245 1560 1339 1634 pene
1374 1538 1421 1613 de
1449 1532 1530 1611 uni·

195 1685 223 1729 ‚‚
247 1633 356 1711 versrr
393 1637 559 1734 partibus
586 1633 732 1722 visitare
770 1635 976 1712 adveniunt
1012 1635 1308 1715 innumerabiles
1336 1635 1448 1730 viri,
1482 1659 1529 1713 ac

194 1786 222 1828 „
247 1731 445 1831 stamina,
470 1736 543 1832 (ό)
571 1736 623 1814 ita
650 1736 691 1822 B,
719 1737 879 1813 Paulum
907 1733 1000 1813 salia
1027 1734 1079 1813 est
1105 1737 1267 1836 gloriosa
1292 1735 1529 1815 consuetudo

193 1887 221 1931 ,‚
248 1834 420 1914 videndi.
448 1838 628 1920 1’raererea
655 1836 798 1937 paravit
828 1835 934 1914 Prior
959 1836 1158 1936 capsellam
1180 1837 1365 1939 optimam
1393 1835 1530 1935 inqua

191 1986 221 2030 „
244 1954 368 2014 totum
396 1937 612 2037 integrum,
639 1961 680 2015 ut
707 1960 810 2030 erat,
836 1937 1005 2037 deposuit
1034 1962 1198 2038 corpus.
1227 1935 1354 2016 Postea
1377 1936 1526 2037 rogavit

188 2087 218 2130 „
245 2035 351 2114 Prior
376 2053 631 2118 'memoratum
657 2037 895 2137 Principem,
922 2059 964 2114 ut
992 2059 1138 2138 rogaret
1166 2041 1318 2117 Petrum
1348 2039 1529 2139 Ingosum

191 2186 220 2230 „
244 2135 290 2212 de
316 2137 676 2240 Constantinopoli,
700 2161 742 2218 ut
765 2139 803 2218 in
827 2138 895 2216 suo
915 2137 1038 2217 aslirio
1064 2139 1136 2242 (7.)
1161 2140 1308 2240 capsam
1336 2164 1424 2217 curn
1447 2163 1527 2217 cor·

190 2287 218 2331 ,‚
242 2259 332 2337 pore
359 2240 581 2343 susciperer,
606 2241 777 2342 sedquod
804 2239 908 2316 intus
925 2241 1011 2320 ellet
1038 2241 1074 2317 ei
1101 2241 1339 2320 nullomodo
1358 2239 1530 2340 aperuit,

192 2387 221 2431 „
246 2337 283 2416 8(
310 2359 352 2417 ut
379 2341 617 2442 praeciperet,
644 2362 686 2419 ut
713 2342 752 2419 in
781 2340 847 2418 tali
875 2341 961 2419 loco
989 2360 1191 2439 poneretur
1216 2343 1317 2441 quod
1345 2367 1422 2418 non
1451 2341 1527 2439 pos·

189 2489 218 2532 „
242 2437 296 2515 set
322 2438 459 2540 aliquis
486 2443 640 2544 desuper
665 2441 888 2520 ambulare.
917 2441 1078 2520 Audiuit
1105 2441 1171 2520 ille
1198 2467 1324 2541 preces
1351 2440 1534 2536 Priona,

187 2588 217 2631 „
241 2538 427 2635 audivit,
462 2542 498 2619 8(
523 2543 625 2641 quod
652 2561 857 2640 rogaverat
884 2566 1019 2641 corpus
1046 2539 1190 2621 scilicet
1210 2541 1383 2621 deferre.
1420 2537 1528 2620 Fecit

184 2688 213 2732 „
238 2637 354 2716 etiam
383 2641 614 2739 nauclerus,
639 2643 740 2740 quod
768 2638 914 2741 rogavit
943 2640 1137 2721 Potestas.
1167 2642 1289 2722 Parati
1317 2663 1438 2721 nauta
1466 2664 1529 2720 ve·

188 2788 216 2831 „
241 2736 321 2816 nire
346 2742 393 2824 ad
420 2766 556 2820 navem
583 2744 727 2841 capsam
756 2741 910 2832 sonibus
937 2741 1097 2822 stridam
1125 2743 1342 2837 duxerunt,
1368 2742 1404 2821 8(
1433 2741 1526 2821 sicut

190 2888 219 2931 „
243 2837 385 2918 diilum
414 2841 557 2937 suerat,
583 2840 761 2941 pofiraest
789 2841 952 2939 inloco,
978 2868 1056 2943 quo
1083 2869 1197 2922 tremo
1220 2846 1383 2925 habebat
1408 2841 1526 2922 acces·

188 2988 216 3033 „
241 2938 341 3019 sum.
370 2941 612 3028 Mirabantur
624 2961 747 3030 uautae
772 2942 818 3022 de
845 2945 974 3045 capsa,
999 2969 1082 3045 quac
1108 2965 1187 3028 erat
1213 2946 1368 3126 circungt(
1381 2943 1531 3059 ligata,

387 3097 393 3108 ,
1294 3100 1322 3145 „
1380 3066 1477 3124 rute·

188 3234 253 3316 (4)
272 3243 410 3312 Quamvis
431 3263 489 3306 non
509 3245 653 3327 integram
673 3245 860 3310 medietatem
880 3245 966 3308 Urbis
980 3243 1421 3325 ConstantinopolirmaeVeneri
1442 3243 1525 3321 potii.

262 3316 383 3393 derant,
402 3325 530 3400 scriptor
550 3339 648 3383 tamen
670 3325 855 3385 medietatem
878 3341 981 3398 vocar,
1002 3344 1036 3382 eo
1056 3323 1133 3404 quod
1153 3342 1258 3402 quarta
1280 3344 1345 3400 pars
1366 3343 1383 3383 a
1403 3322 1525 3382 dimidia

261 3397 379 3470 imperii
402 3402 549 3458 Romania
569 3401 598 3458 in
622 3401 684 3474 jura
704 3405 880 3461 Venetorum
900 3399 1077 3475 devenerat,
1097 3401 1134 3461 ad
1154 3420 1240 3477 quam
1263 3399 1419 3478 regendam
1436 3399 1526 3456 Sena·

261 3485 339 3531 rores
360 3474 508 3535 clarillirni
529 3477 656 3535 nominis
676 3479 886 3545 mittebantur
908 3493 1041 3552 tempore
1061 3490 1160 3537 aurem
1173 3475 1375 3538 tranrlationir
1397 3479 1523 3546 Prator,

263 3546 338 3621 len,
360 3567 394 3609 ur
414 3567 524 3612 vocant
543 3595 552 3627 ,
580 3553 704 3631 Potessas
722 3569 787 3613 erar
806 3550 1060 3629 Constantinopoli
1081 3553 1214 3613 Marinus
1232 3573 1269 3614 err
1289 3553 1412 3613 Patricia
1431 3554 1527 3611 Genre

262 3621 408 3698 Storlar'a‚
427 3630 476 3704 qui
497 3629 720 3691 translationem
742 3629 830 3703 ipsam
851 3631 965 3708 egregie
984 3629 1115 3703 adjuvit.

185 3691 250 3773 (5)
271 3702 312 3758 Ex
333 3701 407 3761 hisce
435 3704 531 3763 verbis
552 3705 696 3765 Credit&
724 3703 820 3785 diligit
847 3725 902 3781 pro
928 3721 1011 3764 cerro
1037 3708 1183 3799 arguimur
1203 3705 1379 3783 scriptorem
1408 3701 1526 3776 hujusce

265 3781 457 3838 enarrarlonir
477 3781 565 3857 ipsam
585 3779 785 3855 concinoalle,
805 3782 873 3841 dum
893 3780 986 3842 adhuc
1007 3781 1288 3844 Marroursro'rlarur
1309 3783 1420 3841 invitia
1442 3778 1528 3857 dege‘

265 3854 489 3989 {Jidfsidsfm‘
515 3858 923 3936 ‘⁰⁰¹‘fflP0120iPmsuiff02
949 3859 976 3916 ἃ
997 3859 1117 3920 sortasse
1137 3862 1227 3920 etiarn
1249 3857 1300 3936 ipfi
1320 3854 1525 3918 'translationi

409 3951 440 3989 e.

186 4001 252 4081 (6)
276 4001 390 4064 Illustre
411 4006 606 4068 testimonium
632 4007 668 4069 de
689 4007 795 4069 celebri
816 4008 887 4070 oiim
908 4008 1101 4069 veneratione
1121 4030 1140 4071 a
1158 4006 1396 4071 christifidelibus
1416 4002 1528 4067 exhibi-

265 4092 296 4139 ta
315 4080 403 4138 sacris
422 4085 609 4160 Evangellllae
627 4088 721 4145 Marci
742 4089 853 4144 exuviis
874 4088 904 4146 in
925 4085 1013 4159 lpsrur
1032 4089 1142 4147 Veneta
1158 4087 1278 4148 Basilica
1297 4083 1528 4162 quiescentibus.

187 4158 250 4238 (7)
269 4154 408 4233 Affirr'um.
423 4162 533 4294 navifii
554 4161 677 4239 speclea,
696 4162 732 4220 de
751 4180 808 4237 qua
829 4162 902 4222 nihil
922 4164 1051 4240 Cangiur
1069 4163 1250 4223 inGlossario
1270 4178 1372 4237 prater
1392 4178 1444 4232 ea,
1463 4177 1527 4236 qua

262 4233 502 4386 ginahircaviifseir
524 4315 675 4386 triremis,
696 4315 805 4376 inerme
819 4313 865 4376 vel
879 4316 948 4394 quia
963 4312 1092 4377 nondum
1107 4315 1289 4389 instruemur,
1311 4313 1357 4377 vel
1377 4314 1445 4392 quia
1465 4327 1528 4371 non
1580 4331 1583 4336 ’

266 4384 391 4462 amplior
409 4389 448 4450 ad
466 4388 544 4452 usum
565 4391 699 4456 uerear·
721 4430 731 4448 .

507 4239 515 4294 i
537 4235 730 4297 tranrlarione
751 4235 903 4314 leguntur.
924 4240 1036 4298 Veneto
1055 4238 1213 4298 vernaculo
1228 4235 1304 4312 Arfil
1318 4253 1440 4299 roratur
1459 4235 1539 4295 cor·'
1631 4263 1635 4269 ·
