3934 5342
462 401 545 460 am
724 373 822 456 Da
883 361 1422 456 Mounsrnnro

260 511 263 512 ⁷
394 587 423 633 „
447 528 603 611 tientia!
628 522 854 626 Lapidantes
875 520 987 603 illum
1013 520 1221 626 lapidatum
1243 524 1388 605 vidium
1409 505 1645 627 credebant,
1671 529 1739 614 sed

396 686 425 734 „
450 633 517 711 ille
544 625 762 731 lapidatus,
790 623 926 705 melius
951 625 1037 704 suos
1062 621 1315 727 perseeutores
1342 625 1549 711 uincebat}
1576 634 1737 732 Quanta

396 789 423 834 ‚‚
449 731 522 811 suit
559 731 689 810 fratres
725 727 831 807 Beati
868 725 1051 828 Stephani
1090 726 1237 828 pietas.
1274 728 1570 812 Offendentibus
1604 754 1736 814 autem

396 890 425 934 ,‚
451 833 526 912 suis
552 829 852 935 persecutoribus
872 827 982 908 mitis
998 826 1201 925 existebat,
1227 830 1469 929 peccantibus
1495 832 1535 913 irr
1562 833 1739 938 separce·¹

394 991 422 1035 „
449 935 535 1030 bat,
561 931 871 1033 delinquentibus
898 932 1040 1046 Deum·
1054 928 1245 1046 exorando
1270 931 1506 1047 ignoscebat.
1534 934 1640 1015 Patet
1667 935 1737 1039 igi·

396 1092 423 1136 „
449 1056 536 1132 tur,
561 1034 650 1137 quia
676 1034 713 1114 8<
739 1057 807 1135 pro
834 1031 944 1112 nobis
970 1030 1062 1110 filus
1085 1032 1160 1110 surs
1185 1056 1306 1132 magas
1331 1032 1533 1114 exorabit.
1561 1037 1745 1119 Transla-

395 1192 428 1239 „
450 1156 535 1218 tum
572 1133 625 1215 e'si
650 1157 778 1216 autem
815 1147 950 1234 corpus
976 1131 1181 1213 Beatishmi
1208 1133 1531 1238 Prothomartyris
1556 1139 1741 1241 Stephani

396 1294 424 1337 „
449 1263 471 1316 a
496 1234 831 1339 Constantinopoli
859 1236 898 1315 in
925 1234 1154 1332 Venetiam,
1178 1261 1281 1314 anuo
1305 1237 1354 1315 ab
1379 1236 1646 1320 incarnatione
1658 1237 1739 1319 Do·

396 1394 424 1437 „
451 1339 547 1418 mini
573 1337 957 1439 NoliriJesuChrisii
985 1336 1187 1416 millefimo
1212 1336 1416 1417 centesimo
1437 1337 1745 1435 decimando

396 1496 425 1539 „
449 1437 577 1521 utone
600 1441 734 1535 tertia,
760 1439 895 1518 oslavo
916 1438 1107 1518 Kalendas
1131 1437 1236 1536 Junii
1265 1439 1360 1540 Papa
1388 1437 1555 1519 Paschali
1568 1441 1759 1522 Secundo
1896 1443 1898 1446 ’

393 1542 622 1639 „Romane
648 1538 817 1622 Ecclesse
840 1537 1078 1642 prefidente,
1104 1539 1141 1618 8<
1164 1538 1302 1618 Alexio
1314 1543 1544 1640 imperatore
1555 1541 1773 1624 Constare·w

395 1696 423 1740 „
449 1641 612 1745 tiuopoli
645 1643 890 1743 insperante,
926 1639 1158 1721 &isenrico
1195 1640 1357 1743 Quinto·
1374 1645 1593 1726 Romanum
1620 1646 1741 1745 Impe-

395 1797 422 1840 „
447 1743 547 1823 tium
575 1745 834 1847 gubernante,
860 1741 1335 1842 &OrdelapltoPhaledro
1360 1743 1741 1844 gloriosoDuchu·

392 1898 421 1942 „
445 1865 573 1925 catum
603 1844 768 1926 Venetie
792 1844 953 1925 feliciter
979 1863 1158 1945 regente,
1183 1843 1220 1923 ἃ
1243 1843 1417 1939 Ducatus
1441 1846 1497 1924 sui
1523 1872 1624 1925 anno
1642 1843 1746 1926 oua·

350 2028 352 2030 ,
393 1999 423 2042 ‚‚
449 1953 533 2041 vo,
558 1946 764 2046 &Ioanne
790 1944 1010 2028 Gredonico
1045 1944 1200 2046 egregio
1227 1946 1443 2026 Patriarcha
1470 1945 1635 2028 Ecclesre
1660 1967 1746 2050 pre·

396 2071 430 2140 „J
449 2044 571 2143 diue,
597 2046 634 2128 8<
662 2047 840 2128 Tribuno
864 2048 1015 2126 Abbate
1043 2046 1104 2147 pie
1130 2047 1169 2125 8<
1195 2068 1349 2147 paterne
1375 2073 1503 2130 curam
1535 2046 1603 2128 sibi
1631 2049 1746 2128 tradi:

395 2200 422 2243 „
449 2166 526 2225 tam
562 2170 731 2250 agente,
770 2170 953 2248 regnante
989 2172 1080 2227 uero
1109 2149 1281 2229 Domino
1307 2149 1449 2230 Nostro
1475 2149 1559 2247 Iesu
1584 2149 1750 2230 Christo

394 2300 422 2344 ,‚
447 2273 469 2323 a
495 2247 583 2328 solis
608 2271 695 2329 ortu
723 2275 840 2350 usque
866 2251 915 2328 ad
939 2250 1147 2354 occasum,
1185 2251 1233 2328 ab
1259 2250 1438 2352 aquilone
1464 2252 1501 2329 8<
1527 2252 1622 2328 maii
1650 2275 1744 2331 cum

394 2400 420 2443 „
447 2349 523 2428 Dei
551 2350 702 2446 Patris,
729 2351 842 2432 unius
867 2350 1108 2450 eiusdemque
1145 2352 1297 2431 essentie
1324 2351 1508 2455 equaliter
1527 2350 1574 2432 ‘in
1596 2351 1746 2455 Spiritu

395 2500 422 2544 „
448 2450 585 2533 Sansio
611 2452 764 2533 unitate
785 2451 828 2533 in
854 2452 977 2532 secula
1004 2451 1216 2533 seculorum
1244 2457 1398 2533 Amen.
1509 2477 1516 2489 ’

392 2575 1750 2714 ψψωώψψωωψωψωωώωωῲ

732 2811 924 2961 Incipit
965 2808 1027 2919 de
1073 2809 1412 2982 Mirabilibus
1464 2869 1468 2884 =
1523 2789 1553 2898 ⁴·

437 3002 497 3128 S.
537 3003 905 3114 STEPHANI
956 2991 1684 3117 PROTHOMARTYRIS.

547 3189 551 3196 ,

393 3307 425 3352 „
451 3251 641 3445 CLare
664 3261 740 3359 iam·
758 3261 1001 3345 audientibus
1038 3287 1164 3366 patere
1184 3265 1371 3345 omnibus
1391 3264 1580 3344 credimus
1601 3317 1613 3358 ,
1635 3259 1746 3363 quod

393 3409 420 3452 η
572 3382 719 3444 textum
748 3366 1003 3447 translationis
1038 3367 1210 3470 corporis
1235 3365 1340 3446 Beati
1362 3365 1544 3467 Stephani
1582 3361 1756 3462 Protho·

392 3462 623 3574 „martyris
656 3465 695 3543 in
727 3467 927 3546 Venetiam
956 3469 1125 3549 translati
1153 3493 1179 3548 a·
1201 3465 1537 3567 Constantinopoli
1566 3489 1634 3566 pro
1661 3483 1741 3563 par·

391 3612 422 3654 „
446 3583 564 3675 vitate
594 3565 709 3644 nostri
735 3567 882 3668 ingenii
911 3568 1111 3651 humiliter
1138 3569 1389 3674 peregimus,
1425 3566 1526 3646 nunc
1563 3568 1608 3645 de
1636 3563 1746 3643 illius

388 3713 415 3756 „
443 3664 638 3773 miraculis
662 3667 807 3768 aliquid
831 3691 941 3772 agere
964 3697 1045 3764 non
1066 3671 1394 3773 pretermittamus
1412 3669 1589 3770 ,quibus
1616 3669 1745 3745 Vene-
1854 3741 1862 3750 ,
1943 3709 1944 3780 ;

387 3813 415 3859 „
441 3782 539 3842 tram
563 3769 755 3848 decoravit
787 3772 1077 3888 Prothomartyr
1103 3772 1298 3852 eximius.
1328 3773 1606 3851 Verumtamen
1636 3768 1743 3847 nulla

389 3914 416 3958 ‚,
444 3865 557 3944 nostri
579 3868 726 3970 ingenii
748 3869 911 3951 scintilla
932 3873 1072 3977 igniti,
1099 3872 1279 3974 nullaque
1301 3871 1523 3974 eloquentie
1542 3869 1746 3950 dulcedine

386 4018 414 4059 „
442 3967 608 4083 melliti,
635 3973 733 4052 illud
759 3977 1056 4076 temptabimus,
1083 3975 1143 4054 sed
1167 3976 1380 4074 opitulante
1403 3974 1480 4054 sola
1509 3993 1575 4152 Fre
1597 3970 1744 4051 bonita-

387 4117 415 4159 „
442 4088 492 4146 trs
519 4070 624 4150 illius
646 4073 876 4173 clementia,
902 4077 968 4177 qui
989 4075 1271 4167 facitdissertas
1295 4077 1442 4176 linguas
1465 4073 1671 4178 inaurium
1697 4069 1744 4147 ad
1774 4103 1778 4118 ¹

385 4218 415 4261 „
440 4166 594 4250 laudem
619 4176 763 4255 athlete
786 4178 886 4273 Dei,
913 4178 950 4257 be
977 4176 1185 4256 utilitatem
1210 4177 1441 4278 posterorum
1475 4175 1602 4276 aliqua
1628 4170 1742 4250 mita·

383 4320 410 4362 „
437 4269 523 4382 cula
546 4271 624 4368 eius
654 4277 816 4356 scribere
843 4278 1109 4382 studebimus.
1137 4279 1438 4359 Confluentibus
1471 4276 1600 4377 iraque
1622 4298 1740 4375 popu·

386 4369 490 4466 „hs
524 4374 694 4479 undique
725 4378 766 4459 in
799 4378 1037 4476 Venetiam,
1077 4402 1116 4459 ut
1144 4380 1293 4481 corpori
1321 4375 1449 4459 Sarrsii
1476 4375 1661 4479 Stephani
1692 4374 1744 4452 di·

1538 4534 1564 4577 ra
1576 4502 1693 4580 guam
1712 4523 1718 4529 “
