3934 5342
355 372 1242 474 ¹&statueramusllrlsrtu.
1391 409 1462 491 171

167 546 277 631 nium
306 540 361 621 de.
379 537 535 641 Paganis
557 538 702 620 Civem
714 538 927 634 Venenum,
953 534 1079 616 virum
1100 537 1334 637 virtutibus,
1359 540 1501 621 anima·

169 671 255 724 turn
278 644 390 738 mlo,
414 640 674 721 &solitudinis
699 662 828 719 amore
853 637 1123 737 conspicuum„
1148 665 1261 743 quem
1284 641 1343 741 pia
1356 644 1503 723 Demis-

169 747 314 837 sutum,
340 759 554 837 utvocant,
577 740 778 855 Collegit,
803 737 1030 834 authorem,
1055 739 1252 819 &Patrem
1272 745 1501 841 agnoscunt.

171 840 287 946 Ipsius
313 843 498 921 virtutum
526 839 790 921 tessimonruin
815 838 999 940 processus
1010 838 1156 919 sedans
1180 842 1216 919 S.
1228 838 1389 921 Ritoum
1402 846 1505 924 Con·
1577 872 1584 880 ·

97 1016 101 1025 ,
172 943 478 1045 gregationipro
500 941 709 1021 obtinenda
743 939 822 1040 ejus
854 938 1046 1041 apotheosi
1081 939 1218 1041 (quod
1243 939 1335 1021 faxit
1362 943 1507 1042 Deus)

172 1046 300 1123 oblata
325 1042 501 1138 suerunt,
525 1043 604 1138 eius
630 1042 749 1125 vitam
774 1039 841 1141 piu
864 1040 1012 1121 calamo
1038 1040 1425 1125 exaravitGennesrus
1443 1046 1507 1125 So·

172 1145 325 1224 derinus
353 1145 479 1222 Abbas
506 1142 682 1224 Patritius
710 1145 902 1239 Venetus,
927 1140 1103 1242 typisque
1129 1141 1247 1221 edidit
1274 1168 1374 1227 anno
1400 1173 1505 1247 ¹713·

225 1247 353 1322 Decus
379 1242 563 1323 Coenobii
598 1250 747 1345 quoque
771 1243 881 1323 auxit
908 1241 1088 1321 incolatu
1124 1244 1190 1323 suo
1218 1244 1348 1324 frater
1379 1246 1511 1326 Petrus

176 1346 221 1424 de
249 1343 403 1438 Assisio,
427 1344 491 1442 qui
507 1345 708 1441 Venetiae,
735 1365 778 1423 ut
803 1345 963 1423 verbum
975 1342 1053 1422 Dei
1080 1342 1354 1443 disseminaret,
1378 1348 1509 1449 appul-

174 1447 234 1525 sus
255 1498 268 1540 ,
292 1466 410 1544 quum
437 1444 496 1523 ibi-
519 1443 898 1524 identidem'videtet
923 1442 1085 1524 infantes
1121 1447 1168 1524 ab
1193 1444 1412 1526 inhumanis
1436 1472 1513 1526 rna·

176 1546 297 1625 tribus
323 1567 388 1643 per
415 1542 498 1624 vias
523 1544 734 1645 plateasque
756 1545 964 1645 exposrtos,
989 1542 1206 1643 multosque
1233 1545 1422 1645 ipsorum,
1447 1572 1510 1627 an·

175 1665 327 1745 tequam
339 1643 491 1725 salutari
515 1646 667 1724 lavacro
677 1646 944 1741 abluerentur,
964 1644 1332 1743 cognovissetmotte
1346 1670 1511 1746 praven-

178 1764 260 1841 tos,
285 1742 418 1823 divino
445 1745 554 1845 piane
581 1744 769 1845 impulsu,
795 1743 946 1860 piissimi
971 1743 1083 1840 loci,
1109 1768 1186 1845 quo
1212 1746 1512 1846 exciperentur,

176 1845 215 1925 8(
241 1845 450 1942 alerentur,
476 1844 630 1924 exordia
654 1844 852 1945 disposuit.
880 1844 1078 1923 Publicam
1105 1843 1420 1945 itaquepietatem
1446 1849 1511 1927 oh

179 1944 331 2026 testatus
356 1943 433 2042 est,
458 1965 500 2025 ut
513 1944 579 2025 fibi
591 1944 842 2041 sodalitium,
868 1943 1181 2044 atqueOspitase,
1206 1947 1343 2044 quibus
1354 1946 1515 2029 insontes

178 2044 463 2148 exciperentur,
487 2045 631 2148 erigere
656 2046 812 2142 liceret,
835 2046 942 2142 cuius
969 2043 1331 2146 potissimumstudio
1354 2045 1516 2127 infelici·

177 2146 275 2240 tati,
299 2147 337 2225 8(
362 2147 589 2227 innocentiae
616 2144 865 2246 proiediorum
891 2144 1106 2224 insontium
1123 2147 1415 2241 consuleretur,
1441 2151 1518 2226 An·

185 2246 270 2324 nuit
295 2268 343 2325 ex
369 2246 650 2331 animoVeneti
667 2246 1024 2424 ‚SenatusRelifiiQ
1050 2245 1201 2346 satoque
1226 2248 1273 2324 ad
1300 2247 1401 2327 diern
1421 2247 1515 2347 Julii
1627 2340 1630 2347 ¹

179 2368 296 2425 xvtrt.
324 2372 422 2429 anno
434 2347 907 2449 Mcccxuvnarnpliffimo
958 2367 1114 2441 ecreto,
1135 2346 1323 2426 domicilii
1344 2368 1517 2427 extruen-

178 2445 223 2526 di
249 2447 466 2528 sacultatem
493 2448 667 2528 indulsit.
695 2447 907 2544 suissuis,
934 2447 1005 2524 Vir
1032 2446 1108 2525 Dei
1135 2446 1305 2528 fidelium
1332 2447 1520 2528 elcemosr·

182 2547 270 2642 nis,
294 2572 385 2648 quas
399 2547 564 2646 undique
588 2548 862 2647 conquisierat,
887 2546 1059 2643 adiutus,
1083 2547 1287 2647 accitisque
1299 2547 1370 2649 piis
1397 2548 1519 2627 homi·
1597 2571 1600 2579 ’

182 2646 323 2744 nibus,
348 2647 576 2727 Sodalitium
602 2648 642 2726 in
655 2645 820 2727 Ecclesia
831 2648 866 2725 8.
880 2643 1065 2726 Francisci
1093 2646 1160 2724 sub
1186 2647 1296 2746 ipsius
1308 2648 1404 2726 Divi
1432 2648 1519 2727 titu-

185 2746 255 2843 lo,
277 2746 570 2827 &invocatione
596 2746 783 2844 instituit,
809 2768 851 2827 ut
879 2745 1191 2847 utriusquesexus
1210 2747 1398 2845 infantes,
1423 2773 1517 2849 quos

186 2869 254 2948 per
279 2845 412 2942 vicos,
434 2849 623 2948 &plateas
635 2844 818 2949 expositos
844 2846 1094 2944 invenissent,
1115 2847 1175 2949 pia
1186 2873 1275 2927 cura
1297 2848 1519 2950 inaptaturn

184 2946 230 3025 ad
256 2946 295 3025 id
323 2946 528 3049 hospitium
556 2948 806 3053 colligerent,
831 2948 868 3030 8(
894 2947 1106 3029 enutrirent
1128 3005 1137 3025 .
1164 2949 1352 3049 Regulos,
1377 2948 1516 3052 quibus

183 3047 233 3126 ab
259 3048 415 3129 exordio
440 3050 540 3131 sacra
567 3048 646 3132 hac
672 3050 829 3131 societas
864 3051 1065 3152 regebatur
1093 3103 1107 3148 ,
1136 3049 1387 3150 ignoramus,
1422 3076 1525 3130 anno

179 3146 286 3228 enim
314 3148 493 3249 Mocctr.
520 3150 580 3231 die
607 3173 652 3230 rr.
679 3150 914 3232 Novembris
948 3149 1149 3252 antiquum
1184 3150 1434 3250 supralaudati
1460 3151 1525 3229 So·

179 3246 306 3327 dalitii
334 3248 538 3348 hospitium
565 3273 612 3331 ex
624 3249 783 3331 fortuito
809 3251 989 3330 incendio
1015 3251 1287 3350 conflagravit,
1316 3251 1522 3330 hocununr

182 3371 232 3425 ex
257 3346 431 3426 Archino
459 3349 665 3450 Hospitalis
688 3351 734 3430 de
761 3349 905 3429 Pietate
931 3348 1190 3441 addiscimus,
1220 3348 1354 3449 primis
1380 3348 1525 3429 institu-

183 3466 232 3527 ta
258 3448 312 3526 rei
340 3450 574 3549 temporibus
600 3473 647 3528 ex
673 3448 922 3529 Constatrum
950 3474 1112 3529 nurnero
1138 3448 1231 3549 eligi
1256 3448 1413 3529 solitum
1439 3448 1524 3527 suis

187 3546 228 3627 se
253 3546 453 3628 Redotem
480 3602 494 3646 ,
519 3550 556 3628 8(
583 3550 840 3631 protectorem
866 3549 943 3630 loci
967 3548 1206 3649 (Galialdo,
1231 3573 1252 3628 e
1283 3549 1522 3650 Sottogalltl·

185 3646 261 3744 do)
287 3671 398 3751 atque
424 3671 586 3750 quatuor
601 3650 835 3747 Provisores,
860 3649 968 3751 queis
993 3648 1159 3730 custodia
1169 3648 1271 3745 loci,
1295 3649 1335 3730 8(
1361 3651 1524 3730 eleemo-

185 3744 348 3827 sinarum
377 3749 653 3831 administratio
675 3753 970 3832 demandabatur
992 3808 1002 3828 .
1028 3751 1081 3829 Et
1107 3749 1165 3829 hae
1191 3749 1345 3865 quidem
1371 3774 1419 3830 ex
1445 3774 1529 3851 pru-

190 3848 298 3926 denti
322 3849 462 3931 Fratris
484 3851 585 3930 Petri
611 3851 770 3932 consilio
796 3849 930 3932 statuta
955 3850 1133 3946 suerunt,
1157 3875 1262 3947 cutus
1290 3850 1444 3929 hortatu
1470 3874 1527 3930 re·

192 3971 283 4028 cens
307 3949 474 4031 erenum
500 3951 728 4032 Sodalitium
766 3952 896 4035 decem
923 3952 964 4032 8(
997 3952 1138 4053 septem
1165 3952 1298 4031 domos
1329 3949 1526 4057 Coenobio

188 4047 408 4149 proximas,
438 4050 542 4151 pana
553 4054 754 4154 pensione,
779 4051 988 4146 conduxit,
1015 4074 1057 4130 ut
1084 4050 1190 4133 ineis
1201 4048 1528 4145 colleslrinsantes

189 4150 485 4247 enutrirentur,
518 4154 616 4232 unde
642 4155 729 4235 loco
765 4152 888 4255 possea
915 4176 1058 4233 nomen
1084 4152 1250 4233 inditum
1284 4159 1392 4228 Corte
1427 4143 1529 4228 della

189 4249 332 4349 Pure,
367 4277 449 4353 qua
483 4253 619 4333 deinde
646 4256 739 4339 ades
767 4255 830 4356 pio
856 4252 1041 4334 Lucretia
1069 4251 1272 4354 Delphina
1306 4250 1536 4330 testamento·

193 4372 296 4429 anno
323 4351 594 4447 Mccpctxxv.
619 4355 682 4437 die
708 4381 745 4437 v.
771 4355 914 4458 Aprilis
940 4353 1064 4437 eidem
1094 4351 1247 4436 Pietatis
1267 4349 1458 4452 Hospitali
1479 4310 1539 4431 sel

226 4516 231 4523 .
298 4455 404 4531 Tum.
430 4459 528 4534 Vrrr.
616 4460 623 4469 ’“
1043 4452 1082 4533 C
1385 4467 1482 4549 gatae
