3934 5342
474 392 527 473 82
692 379 1445 473 'DaMonnsrearo

410 534 599 641 frequenti
626 529 768 633 populo
795 527 938 608 fervere
975 527 1218 634 inciperent,
1254 532 1456 633 perhibent
1480 532 1679 638 navigium
1708 529 1752 616 in

411 637 532 719 atroci
560 629 776 736 tempestate
802 630 927 717 uentis
953 630 1018 710 diu
1038 684 1053 726 ,
1077 655 1120 709 ac
1145 631 1323 716 fluetibus
1347 636 1569 736 agitatum,
1596 638 1748 717 tandem

412 739 623 821 demersum
650 732 779 830 fuisse,
805 751 886 811 tum
913 733 1080 811 coenosas
1106 732 1257 832 paludes
1283 735 1420 815 limum
1446 736 1577 817 senfint
1604 737 1750 818 sensim·

440 866 486 920 ue
523 836 797 930 exonerando,
831 833 940 933 super
966 833 1136 912 eversum
1164 834 1327 931 ejusdem
1356 838 1454 917 latus
1481 838 1610 920 insula
1638 837 1751 937 hujus
1853 863 1855 868 ’

458 941 661 1024 ndamenta
687 934 808 1040 prima
839 932 1019 1016 stravisse.
1047 934 1119 1013 Sed
1129 933 1204 1014 ello
1214 936 1253 1017 id
1264 938 1544 1038 potueritfieri,
1570 940 1623 1018 rei
1636 941 1753 1019 etiarn

414 1043 579 1145 sequutae
603 1064 681 1119 non
707 1038 909 1139 suppetunt
935 1056 1217 1134 monumenta,
1243 1038 1381 1139 quibus
1406 1040 1530 1121 innixi
1555 1040 1669 1120 fidem
1696 1041 1759 1122 adl

414 1145 646 1224 hibeamus.
682 1138 873 1240 Equidem
897 1162 985 1216 cum
1014 1136 1127 1215 video
1154 1136 1315 1219 studium
1342 1143 1592 1242 quorumdam
1621 1165 1668 1221 ex
1690 1168 1755 1221 no

414 1245 497 1326 liris
523 1241 776 1358 Scriptoribus
812 1237 1055 1340 comparandi
1090 1237 1130 1318 in
1158 1238 1290 1321 multis
1317 1241 1565 1323 venetiarum
1602 1243 1756 1324 exordia

416 1357 508 1428 eum
535 1345 639 1424 urb1s
665 1344 848 1422 Romanu
871 1339 1057 1440 origine,
1092 1338 1268 1441 strspicari
1294 1342 1394 1423 subit
1421 1342 1556 1424 sabulis
1582 1343 1670 1424 illos
1697 1371 1760 1448 po

417 1445 614 1551 pularibus
639 1445 725 1547 plus
750 1468 857 1543 aquo
883 1440 1111 1543 indulgere.
1149 1445 1298 1523 Interea
1334 1443 1431 1525 illud
1456 1467 1692 1548 compertum
1721 1447 1759 1525 8<

417 1548 657 1648 exploratum
684 1544 762 1639 eli,
788 1543 1009 1624 Baduariam
1035 1562 1189 1644 gentem
1215 1543 1255 1622 in
1283 1544 1353 1623 hac
1380 1546 1537 1642 Insula,
1562 1572 1640 1648 quo
1666 1569 1761 1626 tem-

471 1674 509 1728 re
537 1643 697 1730 Ducalis
722 1645 834 1728 Sedes
861 1645 1040 1728 translata
1066 1640 1162 1740 suit,
1191 1644 1371 1725 Venetiae
1393 1648 1600 1749 Templum
1627 1647 1760 1728 dieasse

463 1750 528 1830 ivo
554 1745 746 1850 Georgio,
772 1744 877 1844 cujus
905 1743 1215 1840 venerationem,
1239 1745 1277 1825 8(
1303 1745 1450 1826 cultum
1478 1770 1630 1850 propter
1657 1748 1761 1828 insti·

418 1871 538 1949 tuta,
574 1875 661 1932 curn
691 1846 833 1928 Graecis
866 1844 1100 1926 commercia
1128 1845 1268 1926 Veneti
1296 1847 1410 1926 nostri
1449 1849 1489 1927 in
1518 1849 1676 1950 patriam
1711 1852 1760 1929 ab

421 1951 687 2032 Orientalibus
712 1946 833 2052 plagis
858 1948 1119 2029 adduxerant,
1156 1943 1331 2032 Baduarii
1357 1972 1496 2049 porro,
1532 1949 1669 2050 quippe
1695 1950 1764 2048 qui

419 2054 611 2134 Ducalem
641 2049 847 2128 Thronum
875 2047 1093 2146 jamdudum
1121 2070 1374 2147 occuparent,
1400 2074 1538 2131 novam
1567 2050 1665 2130 hanc
1692 2053 1764 2129 Ec·

421 2153 595 2249 cleliam,
620 2150 794 2252 Tem-plo
817 2148 913 2230 Divi
941 2147 1067 2244 Marci
1094 2147 1322 2247 subjediam,
1347 2150 1645 2232 constituerunt.
1672 2152 1765 2232 Hac

421 2254 568 2337 tamdiu
594 2249 825 2369 mancipatio
850 2250 1011 2347 tenuit,
1036 2251 1218 2351 quamdin
1241 2251 1408 2350 Joannes
1435 2248 1690 2346 Manroeenus
1717 2254 1765 2331 ab

422 2354 558 2457 infigni
584 2355 739 2436 Curam
761 2349 958 2431 Coenobio
978 2352 996 2451 ,s
1017 2349 1084 2430 ubi
1103 2352 1141 2432 S.
1162 2347 1354 2430 Benedieii
1380 2353 1551 2452 regulam
1579 2378 1763 2432 unacum

422 2457 509 2536 vito
536 2454 769 2535 Sansiiffimo
797 2454 909 2532 Petro
935 2451 1097 2532 Urseolo
1121 2453 1262 2534 Socero
1288 2453 1379 2549 suo,
1404 2453 1442 2531 8(
1466 2455 1764 2554 JoanneGrado-

422 2559 512 2640 nico
538 2558 733 2658 amplexus
768 2554 889 2635 suerat
909 2553 924 2652 )
948 2552 1127 2654 digressus
1153 2554 1336 2634 remeavit
1365 2556 1581 2653 Venetiae,
1606 2577 1648 2636 ut
1674 2555 1764 2634 Coe-

423 2660 585 2739 nobium
611 2657 818 2751 fundaret,
844 2656 886 2734 in
912 2680 990 2755 quo
1017 2655 1147 2735 eadem
1174 2653 1294 2754 rigide
1322 2654 1477 2738 vivendi
1505 2683 1638 2736 norma
1665 2679 1764 2735 tran·

425 2760 605 2942 fi·g“,i·¹,i·‘
625 2815 639 2858 ,
663 2783 778 2865 quam
805 2753 881 2866 ipse
908 2755 950 2835 in
975 2754 1192 2835 Cuxanensr
1218 2755 1385 2840 maxime
1409 2757 1555 2840 austero
1576 2757 1778 2862 Monate-4

372 2895 374 2912 ·
425 2887 486 2942 rto
538 2889 549 2938 1
578 2880 715 2944 iceret,
1307 2923 1319 2949 s

478 2966 508 3041 I.
535 2961 595 3040 Ex
621 2958 839 3040 Cuxairensr
866 2957 983 3060 igitur
1012 2957 1269 3057 Monasterio,
1295 2959 1361 3039 ubi
1388 2986 1454 3062 per
1478 2960 1771 3064 quadriennium

346 3099 352 3105 ·
427 3062 674 3174 monasticam
702 3060 822 3140 vitam
849 3075 1003 3161 egerat,
1028 3063 1070 3142 in
1099 3059 1256 3163 patriam
1282 3061 1402 3141 redux
1426 3061 1589 3164 Joannes
1616 3063 1772 3142 Mauro·

428 3189 576 3262 tenus,
612 3190 634 3241 a
661 3162 839 3244 Tribuno
865 3163 1045 3244 Memmo
1073 3165 1183 3242 Duce
1209 3161 1414 3243 Ecclesiam
1442 3167 1477 3244 S.
1498 3164 1690 3266 Georgii,
1723 3184 1771 3239 ex

430 3266 586 3345 adverso
613 3263 774 3346 Ducalis
802 3265 935 3346 Palatii
963 3266 1005 3344 in
1033 3267 1159 3345 lnsula
1187 3264 1367 3365 positam,
1393 3265 1595 3364 obtinuit,
1622 3286 1664 3345 ut
1691 3271 1773 3340 Mo·

428 3367 626 3471 narnium
653 3367 892 3472 construeret,
914 3365 982 3464 sud
1008 3365 1140 3444 Sandis
1164 3365 1358 3445 Beneditti
1380 3365 1538 3466 regula,
1564 3368 1665 3468 quod
1692 3389 1773 3441 om·

429 3468 538 3548 nium
566 3465 731 3570 primum
759 3469 799 3545 in
827 3469 933 3550 Urbe
954 3467 1194 3547 'Rivoaltensr
1221 3470 1332 3565 esset,
1361 3469 1427 3548 ubi
1455 3467 1773 3563 MonachiBenc·

432 3570 566 3648 dieiiui
605 3568 835 3650 coenobitice
872 3569 1092 3669 congregati
1128 3570 1216 3649 Deo
1251 3569 1563 3664 famularentur3
1599 3565 1775 3671 quamvis

431 3669 534 3750 enim
564 3667 748 3753 nonnulla
774 3691 840 3768 per
876 3668 1032 3746 asuarii
1061 3671 1205 3750 Insulas
1238 3669 1419 3751 aedificata
1456 3669 1603 3750 fuissent
1630 3671 1774 3749 Coeno·¹

430 3772 519 3865 bia,
546 3770 783 3849 &Veneriis
810 3770 926 3848 etiam
951 3773 1052 3871 aptrd
1074 3775 1109 3852 S.
1131 3771 1347 3871 Zacharia,
1373 3773 1410 3850 8(
1431 3768 1776 3852 ἃιαυτεηῑὶἰΜο·

431 3875 592 3952 nialium
623 3871 855 3955 Monalleria
884 3872 1070 3952 Monachi
1098 3876 1314 3973 degerent,
1350 3874 1708 3954 Santiimonialibus
1734 3868 1775 3947 in

431 3972 756 4055 administratione
782 3976 1115 4059 Sacramentorum
1141 3976 1416 4072 deservientes,
1443 3997 1570 4078 tamen
1583 3970 1776 4056 Coenobia

432 4074 504 4154 illa
530 4076 812 4158 Monachorunr
842 4076 882 4154 in
910 4078 1140 4157 Torcellana
1168 4075 1333 4158 Dioecesr
1360 4077 1565 4157 constituta
1592 4075 1778 4166 fuerant,

432 4176 471 4255 8(
498 4177 685 4258 Monachi
713 4178 889 4257 Veneriis
926 4185 1206 4259 commorantes
1242 4179 1283 4260 in
1323 4178 1530 4280 hospitiis,
1556 4178 1594 4256 8(
1619 4170 1778 4290 privatis

433 4277 575 4357 aedibus
604 4280 848 4359 habitabant.
875 4281 969 4359 Loci
997 4283 1267 4378 donationem,
1298 4283 1338 4362 8(
1363 4282 1527 4383 primam
1556 4273 1778 4359 nobiliffimt
1846 4375 1850 4380 ἦ
1954 4369 1955 4378 Ν

433 4375 659 4466 Monasterii
685 4380 972 4481 fundationem,
998 4381 1418 4468 resertDandnluslib.
1433 4384 1541 4466 Vlll.
1561 4375 1778 4558 cap-Xllllll·

1592 4505 1667 4586 par.
1720 4531 1729 4555 .
