3934 5342
500 372 583 456 140
764 347 1459 432 Dra-Mourenanro

432 556 460 600 „
485 501 544 582 lus
573 498 723 596 Martyt
760 497 921 597 gloriose
957 497 1241 592 venerabatur,
1277 496 1485 596 &inquo
1522 494 1642 574 multa
1669 493 1784 596 hgna,

432 655 460 698 „
486 627 552 702 per
577 625 665 678 curn
694 599 884 690 Dominus
911 598 1048 680 fecerat
1074 600 1111 678 8<
1137 599 1319 678 miracula
1346 598 1556 697 multasque
1584 596 1772 696 agritudi-

432 754 461 798 ‚‚
486 727 550 780 nes
576 702 624 780 ab
651 699 757 800 agris
783 700 1009 802 corporibus
1032 724 1100 800 per
1123 700 1201 797 eius
1218 698 1352 782 metita
1364 699 1594 797 expellebat.
1622 698 1769 780 Eodem

428 855 458 899 „
483 823 654 902 tempore
681 822 833 901 praeetat
869 803 911 884 iu
939 800 1173 894 Monastetio
1211 801 1253 878 B.
1281 798 1438 899 Georgii
1475 798 1534 877 vir
1561 797 1684 879 nobili
1709 826 1775 899 ge-.

432 956 461 999 „
488 928 576 983 nere
605 902 795 981 Dominus
823 902 1004 998 Marcus,
1030 902 1104 1004 (ιι)
1128 902 1195 1003 qui
1223 903 1268 980 de
1292 899 1586 1001 congregatione
1612 898 1678 978 sua
1705 901 1772 979 mi·

433 1056 463 1101 „
487 1003 532 1083 fit
559 1002 663 1084 tuirae
690 1003 891 1083 sanciitatis
919 1003 1045 1082 virum
1072 1002 1243 1082 moribus
1262 1023 1439 1088 ornatum
1453 1000 1668 1080 Dominum
1681 1003 1774 1081 Pau·

435 1157 463 1201 „
489 1105 596 1199 lum,
621 1102 692 1206 (3)
719 1104 792 1204 qui.
811 1104 959 1184 assiduis
984 1103 1132 1204 jejuniis
1157 1104 1195 1183 bc
1221 1102 1439 1182 incastitate
1466 1127 1554 1182 curn
1583 1101 1776 1186 humilita-

435 1258 462 1301 „
486 1226 549 1301 te,
575 1208 611 1285 8<
639 1204 821 1306 patientia
848 1207 935 1285 Deo
963 1206 1126 1286 serviens
1153 1205 1307 1284 beatum
1334 1203 1480 1284 exitum
1509 1203 1597 1281 vitae
1623 1204 1774 1302 prasen-

433 1306 536 1401 „tis
564 1332 629 1407 pro
656 1305 836 1386 dehdetio
858 1328 1008 1386 aeterna
1036 1305 1280 1387 beatitudinis
1306 1304 1496 1401 incertus,
1521 1303 1558 1381 8<
1585 1303 1781 1401 nescitur,

435 1459 462 1502 „
487 1408 640 1508 quando
665 1406 771 1488 fieret
798 1409 1049 1507 expectabat.
1087 1403 1195 1489 Mistt
1221 1404 1337 1488 etiam
1374 1432 1463 1485 cum
1490 1430 1536 1485 eo
1562 1404 1655 1483 duos
1680 1406 1778 1486 alios

434 1559 463 1603 „
491 1507 741 1606 Monachos‚
768 1530 809 1586 ut
837 1507 1115 1589 Monasieriutn
1144 1505 1384 1609 Pantepoptis
1410 1532 1499 1584 curn
1525 1531 1572 1586 eo
1598 1506 1782 1608 pariter,

433 1613 462 1703 {r
487 1608 570 1687 imo
595 1610 661 1688 sub
688 1635 735 1691 eo
759 1609 901 1690 divinis
926 1609 1061 1692 offitiis
1086 1610 1316 1692 honorarent
1343 1606 1586 1690 veneratione
1612 1632 1775 1709 quame-

435 1761 464 1805 „
488 1712 663 1789 rebatur.
1671 1765 1679 1774 -

485 1863 512 1905 ‚,
540 1811 737 1927 Assumpto
762 1812 880 1915 igitur
914 1814 1103 1916 tegimine
1130 1811 1269 1917 praefati
1297 1809 1520 1892 Monasterii
1548 1810 1648 1891 inter
1674 1830 1782 1894 cato.

433 1963 462 2007 „
486 1937 527 1987 ra
554 1933 702 1992 ruvenrt
728 1940 862 2017 corpus
887 1915 1188 2015 gloriosissimum
1216 1913 1323 1994 beati
1338 1913 1469 2009 Pausi,
1495 1912 1540 1992 de
1566 1938 1643 2014 quo
1671 1932 1780 1990 tanta

433 2063 463 2105 „
486 2013 723 2126 exultatione
749 2016 897 2114 gavisus
931 2016 982 2096 cst
1007 2038 1148 2116 quanta
1175 2042 1289 2096 nemo
1317 2016 1431 2115 posset
1459 2014 1506 2094 de
1531 2012 1787 2114 acquistionc,

433 2164 462 2206 „
486 2113 658 2193 turmensi
684 2116 849 2198 thesauri
887 2119 1050 2218 amplius
1075 2117 1290 2219 gratulari,
1316 2117 1352 2195 8<
1382 2114 1551 2194 merito:
1580 2140 1670 2193 nam
1696 2115 1788 2200 the<

432 2264 461 2307 „
486 2212 613 2294 sauros
638 2241 769 2297 ornnes
796 2217 909 2315 hujus
932 2217 1049 2298 seculi
1077 2220 1336 2318 praecellebat,
1363 2217 1550 2317 templum
1577 2215 1653 2295 Dei
1680 2215 1775 2304 enti,-

433 2364 460 2408 „
481 2334 608 2410 terat,
633 2316 671 2396 8t
696 2317 858 2418 Spiritus
893 2318 1020 2398 Sandis
1055 2318 1176 2399 suerat
1206 2317 1428 2412 habitatio,
1463 2317 1500 2396 8(
1528 2316 1778 2418 pronomine
1832 2349 1835 2356 ¹

431 2465 459 2509 ‚,
487 2415 649 2496 Domini
675 2441 850 2499 mortuus
874 2420 1018 2516 iacebat
1045 2418 1086 2498 in
1113 2445 1308 2521 corpore,
1343 2416 1452 2496 vivus
1480 2419 1520 2495 in
1544 2418 1708 2513 anima,
1734 2416 1778 2494 in

430 2566 457 2610 ‚‚
483 2516 623 2633 coesesii
649 2519 768 2620 patria
795 2521 925 2616 latus,
950 2521 988 2601 8<
1015 2520 1137 2600 vidior
1164 2523 1343 2623 regnabat
1370 2544 1458 2600 cum
1487 2517 1662 2598 Christo.

479 2670 507 2711 ‚,
534 2618 694 2718 Sptritus
720 2619 846 2701 Santn
872 2643 1099 2723 cooperante
1126 2624 1245 2721 gratia
1282 2620 1383 2700 idem
1419 2621 1611 2699 Dominus
1637 2618 1778 2706 Paulus

429 2770 457 2814 2,
482 2718 818 2832 Constantinopoli
845 2723 992 2818 rediit,
1018 2749 1061 2803 ac
1089 2749 1165 2801 non
1194 2722 1272 2824 post
1298 2723 1466 2820 multum
1493 2721 1673 2823 temporis
1697 2721 1775 2797 Do·

429 2869 456 2913 „
482 2843 609 2899 manns
623 2821 780 2902 Marcus
804 2822 994 2904 senectute
1016 2822 1408 2924 gravatushbbatiam
1436 2824 1470 2901 S.
1481 2822 1640 2923 Georgii
1659 2845 1778 2920 quatu

430 2971 457 3012 ,‚
484 2921 661 3018 tenebat,
686 2922 904 3020 refutavit,
940 2924 977 3002 8<
1004 2924 1105 3023 ipse,
1132 2947 1173 3003 ut
1200 2945 1278 3003 ctat
1305 2923 1411 3001 omni
1441 2923 1634 3003 honestate
1659 2924 1782 3000 santo-⁴

428 3071 456 3113 „
481 3019 564 3135 sur,
589 3020 781 3104 ehhbbas
807 3023 984 3104 effecius.
1011 3025 1129 3106 Tanti
1155 3051 1247 3108 vero
1271 3023 1435 3106 thesauri
1448 3050 1524 3104 non
1547 3025 1750 3103 immernor
1760 3075 1783 3126 ‚‚

428 3171 456 3215 ,‚
482 3145 548 3219 qur
575 3148 624 3201 eo
649 3145 820 3225 tempore
847 3125 1127 3205 Monastcrium
1155 3125 1423 3227 Pantepoptis,
1445 3126 1618 3224 assensu,
1644 3126 1681 3204 8<
1708 3147 1773 3202 vo·

429 3273 457 3316 ‚‚
484 3221 633 3302 luntate
657 3224 769 3327 ipsrus
801 3228 962 3306 Abbatis
989 3230 1024 3306 S.
1053 3228 1210 3329 Georgii
1238 3229 1390 3328 tegebat
1420 3226 1642 3305 Dominum
1671 3224 1778 3303 Mar·

428 3374 456 3417 ‚,
480 3347 570 3435 cum
598 3326 757 3405 nomine
782 3327 1062 3427 Monachum,
1097 3330 1135 3409 8<
1162 3331 1402 3409 Sacerdotem
1435 3328 1472 3406 8
1498 3326 1654 3427 Georgii
1680 3379 1693 3422 ,
1731 3344 1777 3401 ut

427 3474 456 3517 ‚,
482 3423 583 3538 tdent
611 3426 878 3507 tenuissimum
914 3456 1092 3533 corpus,
1127 3452 1240 3532 prout
1267 3430 1421 3530 posset,
1455 3428 1669 3512 abscondite
1706 3423 1778 3502 sabi

428 3575 456 3616 ‚‚
483 3546 653 3639 mrttetet
691 3553 739 3606 ne
767 3528 862 3605 tanti
901 3532 1066 3609 thesauri
1095 3531 1317 3609 violentiam
1354 3549 1581 3631 pateretur.
1619 3526 1781 3608 Necesse

429 3674 456 3716 ‚,
483 3622 617 3703 habunt
646 3628 752 3706 Prior
779 3627 880 3708 idem
908 3631 1104 3731 preceptis
1115 3630 1278 3713 Abbatis
1305 3630 1359 3707 sui
1385 3632 1540 3712 obedite
1567 3632 1649 3710 imo
1675 3635 1777 3706 te'ne·

428 3773 456 3816 „
482 3723 594 3805 batur
618 3727 664 3806 de
692 3728 794 3822 jure.

477 3875 504 3919 ,‚
532 3826 601 3904 Per
628 3827 664 3905 id
692 3851 842 3931 tempus
867 3830 1205 3931 Constantinopoli
1233 3832 1340 3933 super
1395 3853 1514 3912 artem
1535 3886 1549 3931 ‚
1573 3840 1647 3933 que
1671 3850 1786 3907 vene·

428 3974 454 4018 n
479 3946 536 4006 tat
565 3929 760 4010 Veneticis
785 3931 1072 4037 principabatur
1099 3935 1159 4013 uit
1185 3932 1339 4013 illustris
1419 3932 1782 4111 arinusStorstftuh

1618 4088 1648 4131 at
1681 4057 1730 4112 α·

432 4199 494 4276 (²)
516 4207 633 4266 Marcus
653 4209 792 4286 Georgiut
813 4208 925 4283 abbae,
944 4229 1032 4288 quem
1051 4210 1177 4286 superios
1196 4209 1322 4271 dicimur
1340 4212 1426 4272 oneri
1447 4212 1637 4272 renuntiasse.

435 4279 498 4356 (3)
520 4280 622 4339 Paulus
643 4286 780 4346 venerius
802 4288 844 4347 rir
864 4289 975 4349 eximia
997 4289 1132 4365 virturis,
1150 4287 1202 4365 qui
1221 4287 1324 4350 deinde
1344 4286 1450 4351 creetur
1471 4285 1634 4350 suithbbtt
1653 4288 1778 4348 heaut·
1866 4280 1869 4283 ’
1950 4275 1951 4278 “

511 4359 554 4438 gii
576 4360 780 4424 venetiarum.
