3934 5342
497 368 581 456 154
734 337 777 422 D
811 339 1471 440 egnloursrttanro

427 549 455 594 „
481 488 691 595 prasrdcdte
720 506 874 566 vocatur
901 505 1124 599 procurante
1148 485 1265 565 etiam
1292 511 1370 566 non
1381 465 1543 572 minime
1569 461 1690 563 Auito
1700 507 1767 565 ca·

429 651 456 693 „
481 593 612 672 satiem
640 586 805 688 primum
831 610 904 684 qua
929 585 1092 684 juvenili
1128 585 1312 685 jamtum
1347 606 1456 666 atate
1483 583 1660 686 proditus
1686 584 1765 664 sue·

258 689 261 698 ¹
300 728 303 733 ·
425 750 454 794 „
479 712 560 787 rat,
585 685 782 789 religionis
798 685 928 765 'studio
952 688 1055 765 ultro
1080 688 1347 768 corrodendum
1369 685 1571 788 exposuit.
1610 685 1688 763 Sub
1710 684 1767 762 itt·

425 848 455 894 „
478 793 526 872 de
551 792 597 869 ad
624 789 860 868 Diaconatus
884 787 1165 890 Sacerdotiiquc
1200 786 1425 890 dignitatem
1461 783 1613 868 eleetos·
1630 785 1768 866 Mona·

424 940 455 994 „
478 891 632 974 sterium
658 888 856 969 iraeadem
883 890 976 968 urbe
1001 913 1024 969 a
1050 888 1217 971 Melctio
1242 915 1287 970 ac
1322 887 1481 972 Seleuco
1504 884 1770 968 -uonrifieibus

425 1049 454 1094 ,‚
478 1016 594 1094 quam
620 990 822 1093 gratissime
856 990 1086 1092 susceperit.
1123 995 1216 1108 Quo
1242 989 1363 1070 vitam
1387 988 1608 1091 aliquandiu
1628 985 1768 1068 ¹solita·

425 1094 575 1195 „riam
602 1094 740 1194 degent
766 1117 844 1173 non
870 1093 996 1171 multo
1021 1092 1101 1193 poll
1136 1112 1324 1174 vrrtutum
1360 1091 1440 1191 ejus
1466 1085 1675 1193 praeslautia
1701 1089 1772 1166 Ar·

426 1249 456 1297 „
480 1194 752 1276 chimaodrites
777 1191 1003 1275 constitutur
1028 1195 1083 1275 ita
1108 1193 1270 1292 sedulo,
1305 1194 1344 1274 8r
1369 1192 1498 1272 officio
1524 1191 1562 1269 δι
1587 1186 1773 1290 dignitate

426 1350 457 1397 „
482 1296 568 1375 usus
593 1293 679 1391 cst,
704 1316 746 1374 ut
773 1295 810 1373 8<
836 1294 1022 1395 gravitate
1047 1319 1238 1393 morum,
1258 1297 1296 1375 ἃ
1321 1290 1566 1374 saobiimonia
1591 1287 1773 1403 omnibus

425 1421 559 1496 „noo
585 1395 628 1475 in
652 1397 789 1476 cassum
816 1394 856 1475 id
881 1395 1001 1476 officii
1025 1397 1104 1477 susc
1155 1397 1216 1477 'sle
1242 1396 1454 1477 uideretur.
1479 1397 1773 1491 Aevooqurn·

427 1551 456 1596 „
482 1518 520 1576 ta
546 1497 839 1612 Synodmouae.
855 1497 1099 1599 Imperatoris
1142 1496 1320 1579 ustiuiani
1343 1495 1476 1578 udicio
1499 1488 1776 1575 conuocataest

426 1597 666 1697 „accersitu
701 1597 793 1677 hanc
839 1596 930 1678 inde
968 1598 1218 1680 Pontificibus
1251 1600 1298 1679 ad
1333 1598 1593 1679 eradicandum
1631 1615 1773 1674 uorem

426 1752 455 1798 „
479 1698 643 1799 pellem,
668 1723 751 1801 quae
776 1697 817 1776 in
845 1698 995 1780 Amana
1020 1700 1240 1802 caterisque
1263 1697 1637 1781 Lacademoniorum
1673 1690 1772 1771 urbi·

424 1854 453 1897 „
479 1802 550 1879 but
574 1824 690 1901 quam
726 1800 958 1880 acerbissime
995 1802 1182 1882 Euticctic
1218 1800 1390 1881 dobirina
1425 1798 1615 1901 pulularat
1650 1817 1771 1895 quum

424 1951 452 1998 „
476 1898 553 1999 ipse
581 1898 738 1978 Amasiae
765 1899 959 2000 praesidens
984 1901 1152 1982 maxima
1177 1901 1400 2003 egritudine
1423 1920 1621 1999 correptus
1643 1919 1769 1993 aggre·

425 2053 455 2098 „
479 2000 519 2078 di
556 1999 774 2100 hujusmodi
803 2001 1043 2081 Provinciam
1081 2002 1359 2092 extimescetet·
1379 1999 1613 2082 Beatissimae
1646 1995 1793 2076 Bulla-r

425 2150 455 2197 „
480 2098 590 2180 chius
615 2125 729 2203 quem
757 2099 798 2178 in
826 2101 896 2181 hac
923 2127 963 2180 re
989 2103 1220 2205 precipuum
1246 2101 1467 2184 nemo·sore
1485 2099 1707 2193 dubitabat,
1732 2096 1776 2176 in

374 2209 377 2224 '
426 2255 454 2298 „
481 2200 559 2299 cius
584 2201 714 2280 locum
741 2200 954 2302 surrogatus
980 2202 1033 2282 cll
1056 2260 1065 2280 .
1092 2206 1243 2286 Interea
1262 2204 1424 2283 dumse
1450 2199 1773 2297 Constantinopo-

426 2300 551 2398 „lim
577 2301 792 2417 contulisset
820 2303 1030 2383 virtutibus
1062 2303 1104 2383 in
1130 2305 1262 2407 primic
1286 2304 1468 2406 sapientia
1493 2302 1637 2384 scilicet
1664 2320 1778 2400 atque

427 2454 455 2497 „
480 2403 709 2503 prudentia,
746 2423 787 2480 ut
814 2425 893 2482 erat
919 2405 1043 2484 clarus
1067 2405 1276 2486 constantia
1303 2406 1533 2508 potissimum
1560 2402 1602 2482 in
1630 2399 1775 2480 bereti·

374 2547 379 2556 ·
426 2554 455 2599 „
481 2527 613 2583 cotum
640 2502 958 2604 disputationibus
980 2530 1145 2606 quorum
1172 2509 1351 2609 dogmata
1375 2504 1557 2587 acerrime
1583 2525 1778 2607 perquem

426 2603 720 2720 „expugnabat
754 2605 853 2721 apud
889 2629 1022 2686 umnec
1056 2606 1277 2687 clarissimus
1312 2608 1577 2687 reddebatur.
1625 2607 1776 2701 Nempe

427 2757 454 2801 „
480 2704 688 2821 haereticos·
703 2728 828 2785 omuu
848 2731 897 2785 ne
922 2703 1015 2788 dum
1026 2707 1229 2810 Scriptura
1251 2710 1361 2791 secun
1386 2707 1638 2801 testimoniis,
1658 2703 1721 2784 sed
1739 2702 1778 2782 ἃ

428 2856 457 2901 ,,
475 2805 722 2906 philosophrae
734 2804 900 2906 ptaesrdio
911 2802 1781 2911 pretereaquibutdivittituearmitcommuni·

428 2956 457 3000 „
482 2926 542 3020 tue
567 2905 688 3020 fuerat
713 2905 853 3022 assiduo
880 2934 975 3012 pene
1002 2910 1183 2990 conflictu
1209 2914 1405 3015 superabat
1430 2905 1535 2992 euim
1570 2932 1659 2987 vero
1683 2904 1777 2985 adeo

428 3056 457 3100 „
482 3003 1024 3120 evidentrffimrstbtpericulic
1050 3010 1122 3089 suae
1150 3012 1375 3094 virtutisac
1401 3010 1564 3094 scientia
1590 3009 1777 3087 summum

430 3155 458 3201 „
484 3103 678 3219 ostendit,
715 3127 757 3184 ut
786 3132 885 3187 unus
909 3136 956 3189 eo
982 3130 1173 3211 tempore·
1192 3114 1306 3194 fidem
1341 3139 1456 3218 quam
1493 3113 1534 3192 in
1560 3108 1778 3192 infidelibus

429 3258 458 3302 „
483 3207 573 3285 odro
598 3207 669 3321 csse
696 3207 863 3289 maxime
890 3210 1114 3310 videbatur,
1141 3215 1280 3298 talibus
1308 3214 1527 3316 patrociniis
1546 3212 1778 3314 impugnan-

431 3357 460 3403 „
484 3306 535 3423 do
561 3307 716 3424 perinde
742 3334 786 3388 ac
819 3309 894 3389 tiro
920 3311 1153 3396 fideliffinus
1178 3316 1304 3396 media
1329 3318 1491 3396 uallatus
1515 3314 1620 3409 acie,
1645 3314 1780 3412 palmae

430 3458 459 3502 „
484 3410 714 3488 rmmottalrs
735 3410 921 3511 praecipue
950 3414 1132 3494 desiderio
1162 3416 1361 3498 defendere
1392 3437 1638 3499 cerneretur.
1674 3416 1779 3513 Qua·

431 3510 809 3626 ,mobremunurn
835 3513 1000 3592 omnino
1033 3514 1262 3596 desiderium
1294 3521 1425 3599 eadem
1453 3520 1630 3597 voluntas
1653 3512 1781 3593 omnir

432 3609 645 3713 „··p0pulos
672 3611 792 3709 ipsum
819 3637 934 3712 quam
970 3615 1140 3696 maxime
1175 3620 1368 3718 promovit
1395 3624 1701 3722 Imperatorem,
1737 3633 1780 3694 ut

431 3755 459 3803 „
483 3733 597 3887 3uem
626 3731 734 3825 tanto
762 3712 955 3825 splendore
981 3715 1127 3820 sulgcre
1153 3720 1415 3822 conspicerent
1440 3720 1636 3821 amplioris
1661 3716 1777 3796 etiam

430 3859 459 3903 „
511 3812 813 3928 tgmtatuglorra
839 3813 1110 3896 sublimarent.
1138 3822 1231 3922 Quo
1257 3821 1396 3902 saelum
1423 3826 1508 3920 esl,
1535 3844 1578 3902 ut
1603 3816 1780 3922 quemad·

429 3961 459 4005 „
484 3912 642 4029 modum
669 3913 904 3995 Beatrssimus
933 3919 1148 4000 Patriarcha
1175 3923 1313 4003 Μεηαε
1349 3923 1474 4004 multo
1510 3946 1619 4003 antea
1647 3920 1778 4000 divina

429 4061 457 4106 „
482 4015 716 4129 revelatione
743 4041 831 4095 eum
860 4016 926 4097 srbi
954 4022 1195 4102 successorem
1223 4026 1454 4126 praedixerat·
1470 4026 1705 4108 habiturum*
1725 4020 1778 4098 ita

429 4161 458 4205 „
485 4137 574 4227 uno·
590 4140 765 4231 ommum
793 4121 976 4200 consensu
1005 4122 1043 4199 in
1066 4124 1500 4230 Constantinopolitano
1522 4128 1627 4209 Sedis
1652 4122 1779 4205 mode·

428 4262 457 4306 ,‚
481 4238 629 4293 tamma
653 4216 835 4299 idoneum
864 4221 1096 4304 unanimiter
1122 4227 1397 4310 acclamarent·
1425 4233 1555 4331 ltaque
1582 4254 1660 4310 non
1681 4222 1779 4304 mul·

430 4362 457 4409 ‚,
484 4332 525 4395 to
550 4315 631 4417 post
656 4321 1002 4420 peregrinationem
1030 4351 1146 4429 quam
1166 4353 1362 4413 annuente
1381 4334 1558 4413 Domino
1585 4327 1689 4412 haud
1710 4323 1780 4404 iui-

1557 4483 1584 4512 2-
1604 4485 1631 4531 „
1650 4451 1727 4531 quo
