3934 5342
523 358 606 459 146
765 346 867 430 Da
927 343 1536 430 Monstri-:uror

457 496 740 600 „laboriosum
767 493 856 572 esset
882 492 1006 573 dicere
1033 491 1079 573 de
1104 491 1294 594 aliquibus
1320 493 1362 574 in
1396 488 1683 593 edificationem
1710 489 1796 571 fide·
1864 499 1874 504 “

458 657 487 700 ,,
512 604 643 695 liunt,
669 597 761 676 stcur
785 621 808 672 a
835 594 1059 675 relatoribus
1084 594 1334 692 audiuimus,
1368 594 1569 674 dicemus.
1605 593 1679 672 Sed
1704 593 1794 693 quia

456 756 484 799 „
507 702 665 804 praesens
688 697 912 799 opusculum
935 698 1106 776 nondum
1132 695 1378 797 peregimus,
1412 695 1517 775 illius
1542 693 1726 774 miracula
1752 694 1795 774 in

456 855 486 902 „
509 800 699 902 posterum
725 799 849 877 dicere
877 800 1136 878 reservamus⁴
1164 798 1245 897 lpse
1271 794 1464 876 Dominus
1491 796 1619 875 Abbas
1643 794 1795 895 capsam

456 955 485 1000 „
511 903 551 981 in
576 927 652 1003 qua
675 901 941 1000 eorpusbeatte
966 898 1159 978 memoriae
1184 899 1221 978 S.
1235 898 1339 978 Pauli
1353 896 1538 998 Martyris
1558 894 1702 994 jacebat
1728 917 1795 997 pro

455 1056 485 1101 „
510 1005 649 1082 merito
676 1001 777 1080 fideli
803 1002 842 1078 8(
869 999 1093 1079 ἀενοᾶἰοηε
1120 997 1231 1100 ipsus
1257 999 1435 1080 soliorum
1460 995 1795 1099 cooperiretur,

458 1158 488 1202 „
511 1105 549 1183 8<
574 1102 729 1203 depingi
761 1100 851 1180 secit
875 1156 891 1199 ,
913 1101 963 1208 8(
1000 1100 1041 1179 in
1066 1101 1205 1182 arcella
1229 1100 1375 1203 optime
1400 1098 1547 1201 depida
1610 1094 1797 1198 'gnisstnte

363 1213 367 1220 ’
459 1258 487 1303 ,,
510 1205 755 1286 collocavit.
791 1203 1019 1304 Lampadetn
1045 1228 1134 1283 cum
1160 1203 1248 1283 oleo
1273 1223 1361 1284 ante
1386 1226 1474 1282 eum
1501 1200 1542 1279 in
1569 1198 1621 1300 srg
1651 1223 1715 1277 um
1742 1221 1799 1276 re·

454 1358 484 1403 „
509 1306 689 1384 verentia
715 1304 925 1404 dependere
950 1301 1069 1402 iussit.
1095 1305 1243 1384 Fratres
1268 1328 1360 1384 vero
1386 1302 1506 1405 ipsum
1533 1299 1634 1379 diem
1662 1299 1797 1378 adven·

456 1459 484 1506 „
510 1427 571 1485 tus
597 1406 709 1503 eius,
743 1404 836 1485 snut
865 1405 1078 1502 hedenus,
1114 1403 1175 1484 die
1200 1404 1344 1486 scilicet
1371 1427 1423 1483 xt.
1459 1401 1633 1484 exeuntis
1659 1397 1794 1482 mensas

453 1559 484 1605 „
510 1506 634 1594 Medii
655 1561 670 1603 ,
705 1506 905 1585 unanimes
931 1506 1010 1607 pari
1037 1506 1273 1586 exultatione
1293 1531 1382 1586 cum
1409 1505 1477 1584 suo
1503 1524 1607 1605 patre
1633 1502 1796 1582 celebra«

455 1647 484 1706 „
509 1629 598 1686 runt
624 1605 826 1686 festivam.
863 1608 955 1687 Uno
980 1608 1096 1686 etiam
1123 1627 1218 1686 voto
1252 1607 1361 1686 omni
1385 1607 1448 1686 die
1474 1605 1656 1704 omnique
1683 1599 1795 1684 nosse

452 1761 481 1805 ‚,
509 1732 603 1809 pene
630 1733 695 1809 per
725 1707 843 1787 totius
867 1708 959 1787 anni
987 1707 1221 1788 curriculum
1248 1733 1328 1787 non
1346 1708 1524 1787 desiliunt
1558 1705 1637 1804 ejus
1667 1702 1793 1782 suffra·

452 1862 482 1906 „
509 1810 571 1908 gia
595 1807 780 1911 postulare
806 1810 845 1888 8(
869 1809 1008 1911 quibus
1033 1811 1181 1909 possunt
1206 1810 1380 1889 excolere
1406 1810 1602 1890 laudibus.
1629 1804 1689 1884 Ad
1716 1803 1795 1881 lau·

452 1962 480 2006 „
505 1912 592 1989 dem
618 1966 632 2005 ,
657 1912 692 1989 8(
716 1910 876 2011 gloriam
905 1910 1095 2011 unigeniti
1122 1909 1259 1990 summi
1274 1910 1416 2009 Patris,
1441 1910 1508 2013 qui
1528 1907 1651 2005 vivit,
1675 1905 1713 1984 8(
1739 1927 1792 1983 te·

455 2062 484 2107 „
508 2032 598 2112 gnat
629 2014 733 2090 Deus
761 2036 825 2112 pet
853 2009 1001 2094 infinita
1027 2012 1179 2091 saecula.
1207 2015 1355 2090 Amen.
1463 2081 1465 2086 ,

503 2115 656 2212 Corpus
681 2112 810 2212 itaque
835 2113 897 2190 SS.
925 2112 1112 2210 Martyris
1137 2137 1224 2191 curn
1262 2114 1307 2192 ad
1336 2113 1523 2192 Venetam
1551 2106 1646 2189 Divi
1675 2109 1794 2212 Geor·

452 2210 508 2312 gii
534 2211 695 2291 insulam
723 2213 940 2313 appulisset,
967 2212 1160 2312 integrum
1172 2212 1374 2293 inventum
1400 2212 1476 2309 est,
1501 2213 1540 2291 8(
1565 2234 1676 2292 carne
1698 2203 1794 2288 rosei

453 2313 594 2391 coloris
620 2334 841 2416 coopertum
864 2369 879 2409 ,
902 2313 949 2391 ad
973 2314 1077 2413 quod
1105 2315 1361 2402 venerandum
1389 2340 1476 2394 curn
1512 2310 1707 2392 accessisset
1732 2310 1794 2422 Pe·

450 2432 532 2494 trus
554 2415 698 2494 Zianus
725 2415 975 2495 Veneriorum
1002 2413 1129 2512 Dux,
1164 2415 1331 2517 Regium
1357 2441 1476 2497 cornu
1503 2416 1575 2494 suae
1600 2411 1796 2512 dignitatis

451 2512 597 2616 infigne
623 2517 726 2596 sacro
750 2515 936 2616 Martyris
958 2517 1076 2618 capiri
1100 2516 1302 2619 imposuit,
1326 2542 1375 2596 ex
1398 2515 1571 2620 quopiae
1598 2506 1794 2611 religionis

450 2614 535 2693 asin
573 2618 659 2697 usus
695 2617 829 2698 deinde
867 2618 1031 2698 invaluit
1057 2618 1207 2696 Divum
1236 2620 1395 2698 Paulum
1433 2615 1613 2719 pingendi
1652 2604 1791 2692 Ducasi

451 2741 569 2796 cornu
580 2738 785 2813 ornatum,
807 2744 886 2818 quo
910 2719 1122 2797 etiamnum
1136 2719 1355 2798 redimitum
1376 2720 1668 2817 sacrumcorpus
1689 2738 1791 2792 cons·
1831 2813 1837 2822 ·

451 2839 636 2919 pexentnt
662 2818 692 2896 ii
720 2817 944 2914 Monachi,
977 2818 1046 2919 qui
1072 2819 1276 2899 recentiori
1301 2821 1380 2919 ejus
1402 2816 1642 2900 translationi
1667 2812 1790 2892 adsue·

450 2939 541 2995 runt
565 2942 730 3017 quotum
759 2917 975 2999 testimonio
987 2919 1285 3020 perseverantem
1311 2920 1423 3022 ipsaus
1442 2917 1706 3000 admirabilem
1733 2912 1789 2991 in·
1812 2943 1815 2948 ¹

451 3018 736 3118 corruptionem
761 3018 988 3097 didicimus.
1014 3020 1134 3117 Sunt,
1158 3019 1223 3122 qui
1252 3021 1466 3120 religiosam
1477 3015 1697 3100 diadematis
1725 3015 1791 3093 im·

450 3116 675 3218 positionem
699 3148 722 3198 a
747 3120 871 3198 Ziano
899 3122 1010 3199 Duce
1036 3120 1172 3200 saetam
1200 3123 1494 3225 Chrytiophoro
1521 3121 1664 3224 Mauro
1701 3113 1791 3229 pari-

449 3236 508 3298 ter
536 3221 686 3301 Veneto
712 3221 814 3301 Duci
848 3220 1101 3318 attribuant,
1134 3247 1224 3304 cum
1250 3248 1378 3304 autern
1409 3224 1564 3304 Piuurae
1590 3222 1724 3322 aliquo
1749 3241 1790 3294 tn

448 3317 686 3404 Monasterio
709 3326 897 3402 asservatae
911 3322 1052 3403 Mauro
1072 3324 1247 3426 Principe
1266 3326 1499 3426 antiquiores
1513 3326 1671 3403 Paulum
1685 3318 1791 3397 Mat·

447 3437 573 3521 tyrem
599 3422 807 3504 exhibeant
841 3449 932 3502 cunt
961 3425 1102 3504 Ducali
1137 3451 1257 3505 cornu
1286 3427 1396 3528 ipsius
1423 3426 1539 3529 capiti
1574 3419 1748 3523 imposito
1774 3471 1789 3516 ,

445 3520 602 3601 evidens
627 3524 681 3601 est
706 3551 785 3603 non
814 3526 980 3622 Mauro,
1007 3527 1067 3605 sed
1087 3526 1328 3608 ZianoDuci
1355 3528 1408 3628 pii
1430 3525 1599 3628 obsequii
1626 3519 1789 3623 gloriam

446 3623 516 3702 esse
542 3624 804 3705 tribuendam.
831 3632 993 3704 Yconam
1017 3653 1097 3727 que
1117 3621 1324 3705 etiamnum
1342 3651 1481 3726 extat,
1510 3631 1547 3709 se
1582 3623 1710 3704 vidisse
1738 3642 1791 3701 te·

444 3718 560 3833 statur
588 3725 817 3805 Fortunatus
843 3729 1017 3824 Ulmus,
1051 3728 1303 3829 Beariffimnm
1335 3729 1504 3808 Mariam
1530 3724 1716 3825 Virginem
1748 3720 1806 3827 iny

445 3821 568 3936 medio
585 3833 671 3903 Β.Β.
699 3836 740 3904 Β.
762 3827 991 3924 Georgium,
1025 3827 1254 3926 Stephanum
1286 3841 1384 3910 Prot.
1406 3832 1456 3913 (Τ
1486 3829 1657 4011 Crrlmam
1680 3832 1736 3903 Μ.
1764 3848 1787 3899 a

443 3920 583 4005 dextris
606 3933 689 4004 Bu.
712 3935 753 4004 Β.
776 3927 1041 4026 Benedissum,
1068 3922 1227 4008 Paulum
1246 3941 1397 4011 Meum
1415 3941 1526 4015 Duce
1543 3932 1711 4023 r'Cornn,
1738 3925 1788 4004 θ’

441 4025 677 4137 Damianum
698 4035 755 4106 M.
770 4057 792 4105 a
804 4027 963 4132 finistrr's
983 4028 1241 4133 exhibentem,
1267 4057 1376 4136 arque
1403 4036 1453 4114 ad
1467 4030 1577 4134 pedes
1596 4039 1639 4111 Β.
1651 4035 1693 4110 Β.
1715 4025 1798 4126 Vm,

440 4125 540 4222 genis
561 4130 696 4208 Maria
723 4134 915 4211 Abbatem
943 4158 1066 4233 genua
1094 4135 1340 4236 llebientem,
1365 4141 1409 4216 nd
1438 4138 1544 4237 cujus
1571 4134 1681 4238 pedes
1708 4130 1788 4210 haec

444 4229 559 4307 verba
585 4230 762 4332 inscripta
789 4235 1014 4335 legebantur
1035 4263 1045 4315 ε
1083 4234 1160 4317 Dei
1178 4236 1301 4339 Matri
1315 4236 1512 4342 'Philippus
1533 4235 1661 4320 Areas
1681 4229 1790 4333 hujus

1179 4411 1184 4420 .
1605 4345 1740 4419 Mona·
