3934 5342
498 366 558 449 μ
750 329 853 422 Da
914 337 1483 434 Xauooocuto

436 490 475 574 le
499 491 571 574 zoe
596 491 633 572 ie
650 489 951 672 ¹predicicDonc
978 490 1084 571 orde·
1135 488 1300 594 militate
1327 489 1640 592 tampralentes,
1664 516 1782 595 quarn

402 601 405 608 ’
437 619 487 674 na
512 595 550 674 8(
574 618 647 675 eon
680 592 803 672 ituisse
839 594 876 674 la
901 590 1083 674 infrascri·
1134 587 1268 672 sutura
1294 591 1567 695 infrascriptam
1603 593 1781 675 matricu-

437 716 504 798 pta
530 695 770 797 mariegola,
795 693 832 773 8(
856 693 1084 776 ordenation
1135 695 1213 773 lam
1240 682 1467 792 instituunt,
1493 696 1778 798 decernuntque

437 819 528 877 cunr
556 795 779 898 infrascripti
817 795 973 898 capitoli
1045 795 1083 880 8(
1134 794 1302 900 ordinesj
1320 795 1362 877 in
1396 795 1568 894 subjectis
1601 796 1780 915 capitulis

437 893 545 978 orodi
571 898 821 1084 inperpetuo
855 897 898 976 in
923 893 961 978 la
986 850 1086 978 dina
1136 919 1335 982 contentos
1343 895 1785 999 perpetuissu‘turrstem·v

438 995 703 1084 constarunt
752 993 1084 1104 inviolabilnrente
1134 999 1291 1100 poribus
1320 1021 1348 1082 ¹a
1374 998 1481 1081 diblae
1517 997 1782 1104 Constaterni·

320 1191 325 1200 ,
437 1100 656 1186 observadi.
856 1199 898 1207 ¹„
990 1197 993 1202 1
1136 1101 1225 1284 tabt}s
1250 1095 1475 1217 mulieribus
1502 1097 1782 1184 iuviolabiliter

1135 1227 1161 1283 o
1203 1227 1347 1286 ervart.

730 1301 755 1335 ἵ

451 1504 455 1518 s
488 1407 716 1492 Sodalitium
741 1408 870 1514 itaque
896 1410 1067 1493 virorum
1093 1409 1139 1491 ad
1150 1407 1377 1492 Christianae
1403 1407 1665 1492 misericordia
1692 1420 1787 1590 ugus

436 1509 708 1619 instituendum
734 1513 859 1615 primo
886 1512 1154 1616 congregavit,
1179 1511 1386 1616 domosque
1412 1511 1638 1616 recipiendis
1664 1511 1705 1591 in

437 1614 541 1693 tibus
576 1636 680 1716 aptas
714 1616 814 1717 apud
843 1615 938 1695 Divi
966 1614 1155 1697 Francisci
1190 1613 1397 1695 Ecclesiam
1435 1611 1656 1716 conduxit,
1717 1636 1783 1692 uas

435 1714 570 1810 deinde
597 1716 708 1796 anilo
734 1716 940 1796 infantium
967 1742 1130 1798 numero
1165 1742 1256 1818 curn
1281 1713 1515 1820 angustiores
1550 1713 1673 1818 reperi
1726 1735 1782 1810 t,

435 1816 614 1919 prudenti
640 1815 814 1898 confilio
841 1819 1027 1900 masculos
1053 1821 1321 1901 tantummodo
1348 1818 1462 1898 ineis
1488 1818 1654 1919 recipere
1681 1813 1783 1917 cogi·

436 1917 559 2015 tavit,
586 1938 628 1999 ut
654 1944 747 2000 vero
773 1920 887 2001 ctiam
915 1920 1084 2003 foeminis
1105 1920 1188 2100 pari
1215 1921 1355 2022 pietate
1382 1919 1633 2016 subveniret,
1670 1918 1783 2006 devo·

1745 1537 1786 1589 n·

436 2039 522 2099 turn
547 2019 795 2120 foeminarum¹
817 2044 962 2104 coctunr
988 2023 1035 2105 ad
1062 2021 1219 2124 sucepti
1246 2022 1410 2106 instituti
1437 2048 1534 2122 opus
1560 2044 1786 2123 promoven·

434 2117 528 2218 dunt
555 2122 759 2222 adunavit,
784 2149 943 2227 quarum
970 2150 1083 2222 cura,
1108 2121 1146 2204 8(
1173 2124 1346 2226 impenfis
1372 2122 1569 2204 debilioris
1595 2122 1700 2224 sexus
1727 2118 1785 2200 in·

434 2222 556 2304 santes
581 2222 801 2324 alerentur,
820 2227 975 2330 ¹quibus
1000 2249 1087 2328 apte
1113 2225 1339 2325 colligendis
1365 2224 1583 2326 alendisque
1617 2221 1784 2324 amplam

436 2324 594 2405 domurn
621 2325 662 2405 in
690 2326 785 2405 Divi
812 2325 969 2429 loannis
995 2326 1166 2444 Baptista
1194 2327 1360 2410 Paroecia
1387 2325 1609 2428 deBragora
1636 2349 1784 2404 nuncu·

436 2447 549 2527 pata,
573 2429 832 2531 comparavit,
858 2430 905 2509 ad
931 2428 1260 2526 majorrsCanalis
1278 2431 1424 2530 ripam,
1449 2454 1562 2529 quam
1591 2425 1785 2605 αἰδοῖά]-

434 2528 646 2628 lirycotum
673 2531 909 2613 commercio
935 2527 1156 2612 destinatam
1183 2527 1290 2636 Ripa
1317 2525 1603 2627 retentabant,
1666 2546 1783 2608 eneto

434 2631 642 2712 vernaculo
669 2655 945 2735 nuncupatur.
984 2635 1158 2714 Domum
1198 2632 1296 2714 hanc
1335 2632 1515 2735 piissimus
1552 2629 1785 2724 institutor,

434 2757 548 2832 quam
577 2732 712 2816 vivens
737 2732 1014 2835 praclarissimo
1051 2735 1157 2838 operi
1184 2733 1467 2831 destinaverat,
1502 2732 1667 2814 moriens
1692 2755 1786 2833 quo·

434 2858 510 2934 que
537 2833 704 2933 ejusdem
742 2835 917 2917 Sodalitii
946 2829 1085 2917 Pietati
1112 2833 1236 2928 voluit
1263 2837 1333 2915 esse
1359 2835 1702 2929 commendatam,
1737 2830 1785 2910 ad

434 2934 541 3032 cujus
568 2933 803 3017 incrementa
829 2937 1022 3041 publicam
1060 2963 1212 3040 quoque
1239 2938 1499 3044 religionem,
1533 2935 1570 3015 8(
1597 2932 1788 3036 Apolloli·

435 3060 519 3116 cam
545 3029 812 3118 Romanorum
840 3037 1070 3142 Pontificum
1098 3038 1365 3124 liberalitatem
1393 3036 1596 3140 accessisse,
1623 3032 1787 3137 publicis

435 3138 675 3220 documentis
701 3138 922 3222 instruimur
947 3141 1144 3250 ..Horum
1183 3165 1303 3222 unum
1340 3166 1552 3223 marmorea
1589 3133 1787 3244 inscriptio

436 3238 520 3337 est,
545 3265 628 3341 quae
653 3242 777 3323 adhuc
803 3242 939 3343 parieti
962 3243 1194 3326 Parochialis
1219 3243 1355 3348 ᾁοωυε
1382 3245 1417 3324 S.
1444 3241 1568 3328 mich.
1593 3239 1785 3340 Archang.

434 3340 546 3421 affixa
574 3340 727 3443 vidtur,
752 3343 919 3447 antiquis
955 3337 1234 3429 characteribus
1254 3341 1516 3450 indulgentias
1553 3339 1788 3446 fignificans,

434 3463 519 3523 turn
547 3468 568 3522 a
594 3444 800 3529 Clemente
812 3450 881 3526 VI.
909 3450 1019 3527 Pone.
1048 3448 1154 3528 Max.
1182 3471 1266 3531 tum
1288 3475 1315 3528 a
1343 3448 1559 3527 Patriarcha
1585 3439 1816 3537 Gradensr,

434 3541 474 3623 8(
499 3543 686 3650 Episcopo
716 3547 935 3629 Castellano
973 3549 1021 3629 iis
1046 3551 1270 3654 concessas,
1299 3547 1369 3655 qui
1394 3547 1550 3632 Pietatis
1576 3542 1787 3650 infantibus

427 3645 671 3766 *eleemosina
696 3649 855 3736 subsidia
880 3649 1134 3761 largirentur.
1228 3736 1239 3760 s
1725 3685 1728 3694 ¹

445 3854 528 3968 „lit
555 3855 920 3958 Papacrimento.
946 3860 1084 3943 Sexto.
1196 3853 1382 3942 Clemens
1420 3861 1517 3960 Papa
1551 3857 1686 3942 Sextus
1707 3876 1786 3968 ‘an-

431 3949 493 4032 dt.
519 3980 621 4054 uno.
648 3962 902 4041 Anno-XL.
929 3961 991 4041 di.
1017 3962 1084 4042 de.
1136 3987 1233 4042 num
1271 3988 1432 4059 unum,
1467 3962 1505 4039 8(
1541 3956 1788 4061 quadraginta

433 4055 601 4139 Perdon.
628 4059 1084 4181 Gansclruno.che.por·
1136 4064 1215 4144 dics
1237 4063 1462 4146 remissionis
1482 4062 1678 4162 indulget,
1703 4054 1790 4171 pni-

431 4181 495 4236 ce.
522 4160 752 4245 Lemusena.
779 4164 837 4244 ai.
864 4166 1083 4247 Fautolrni.
1135 4167 1274 4268 cuique
1301 4159 1789 4272 eleemosinaminsanubus

431 4259 494 4346 del
522 4263 729 4363 Apietate.
758 4266 923 4347 Mistea.
950 4268 991 4346 lo
1019 4269 1085 4348 Pa·
1135 4267 1293 4350 Pietatis
1324 4265 1548 4368 ,cingentia
1593 4263 1789 4373 Dominus

427 4359 616 4456 triarchi.
642 4368 710 4450 de.
737 4369 896 4471 Grado.
922 4366 1046 4551 Miger
1072 4427 1082 4452 .
1135 4369 1353 4474 Patriarcba
1386 4361 1617 4464 Gradensrs,
1653 4357 1788 4543 Dniiim·

1008 4494 1034 4551 0
1553 4503 1556 4508 .
