3934 5342
454 382 1239 484 Sancrr'GaonortMato'tts.
1380 397 1461 492 179

185 585 215 637 „
239 536 423 619 amissuri.
451 529 984 641 perstrepebantimpatientis'
1002 530 1192 636 undique,
1216 557 1259 616 ac
1279 533 1524 620 lamentantis

188 691 215 736 „
242 641 371 754 populi
399 665 533 734 voces,
559 642 724 742 gemitus
750 637 916 738 undique
942 637 1196 716 resonabant.
1222 637 1346 718 Vetiti
1373 643 1424 719 ob
1451 638 1526 720 hoc

186 794 216 836 ‚,
240 744 354 840 legata
381 739 561 839 ignobilia
588 741 897 841 vulgisurotent,
921 759 1081 839 carptum
1108 740 1155 816 ad
1181 738 1374 819 littusiter
1401 759 1525 818 matu·

187 889 215 939 „
242 865 321 921 tare
346 839 556 924 festinant.
593 841 803 922 Videbatur
825 840 932 922 enirn
959 837 1161 918 imminere
1197 836 1443 943 periculum,
1479 860 1530 922 ne

188 985 218 1040 5,
240 941 402 1123 populus
428 945 558 1025 dolote
584 943 740 1041 dubius,
765 941 942 1043 reliquiae
952 939 1094 1021 sanciat
1118 941 1156 1019 vi
1170 940 1313 1021 auferre
1342 958 1529 1034 tentaret,

187 1085 218 1139 „·
255 1069 266 1158 a
293 1043 569 1160 expedierant,
595 1067 637 1126 ut
663 1036 1270 1149 ipfi‘optabant5donecs1nguli
1296 1065 1357 1123 eat
1383 1039 1460 1121 loci
1487 1037 1531 1119 ii·

188 1189 216 1243 „
242 1143 316 1224 ltus
341 1149 476 1227 incola
502 1147 828 1228 deoscularentur.
852 1148 955 1230 Nam
982 1144 1029 1223 ad
1056 1144 1236 1224 ultimum
1254 1144 1330 1224 hoc
1356 1141 1533 1222 officiunt

188 1295 217 1342 „
243 1247 316 1361 vel·
332 1247 497 1363 maxime
520 1249 649 1329 cundi
686 1247 914 1329 fervebant.
948 1248 1212 1349 Quamobrem
1241 1243 1380 1325 Veneti
1408 1263 1532 1345 portas
1573 1274 1576 1278 ’

187 1392 218 1442 „
241 1339 362 1460 sestam
389 1367 553 1446 exeunt,
576 1345 773 1454 turbisque
798 1347 939 1432 relidit
964 1347 1120 1450 egressi,
1143 1349 1190 1426 ad
1211 1345 1319 1426 littus
1345 1347 1531 1426 tendunt.

190 1495 218 1542 „
242 1445 462 1562 AEgtnenses
486 1471 614 1530 autern
642 1474 720 1532 tam
733 1447 843 1548 Viri,
868 1469 984 1552 quant
1010 1450 1188 1531 mulieres
1207 1446 1317 1527 simul
1338 1467 1427 1526 cum
1455 1467 1532 1546 par·

189 1593 217 1642 „
244 1549 343 1626 vulta
353 1550 647 1633 conscendentes
657 1574 777 1633 turres
802 1551 1052 1632 acmurorum
1073 1547 1241 1645 moenia,
1263 1550 1535 1639 intuebantur,

190 1695 220 1742 „
242 1665 428 1746 quantum
455 1648 681 1750 licebats&
706 1651 829 1734 oculis
853 1649 1126 1753 sequebantur,
1149 1654 1253 1751 quod
1272 1650 1435 1727 retinere
1455 1671 1536 1740 nou

191 1798 220 1843 „
245 1768 418 1865 poterant
445 1749 655 1853 plorantes,
680 1751 719 1834 8<
745 1773 885 1853 magno
909 1749 1245 1851 ejulatudeflentes
1260 1805 1274 1847 ,
1291 1748 1394 1852 quod
1420 1768 1530 1826 tanto

190 1898 218 1944 „
244 1849 392 1948 hospite
419 1855 677 1953 privarentur.
705 1855 894 1936 Mulieres
921 1878 1013 1934 veto
1023 1853 1144 1954 sparso
1169 1851 1274 1933 crine
1287 1847 1441 1954 pugillis
1468 1850 1534 1927 sua

189 2000 219 2044 „
243 1948 392 2064 pedora
418 1954 623 2036 feriebant.
651 1951 763 2036 Pueri
789 1950 1032 2057 innuptaque
1057 1952 1191 2056 puella
1204 1949 1446 2052 lachrymosas
1469 1976 1532 2026 vo·

188 2053 349 2143 „cibus
367 2055 513 2135 athera
538 2055 760 2160 replebant3
786 2081 834 2137 eo
855 2052 1044 2151 maxime,
1069 2056 1353 2160 quodparent'es
1379 2053 1420 2130 in
1441 2077 1532 2151 quo·

181 2193 216 2255 „
239 2171 323 2266 tunt
349 2154 489 2271 sinibus
515 2158 647 2240 stridis
666 2158 943 2262 complexibue
959 2155 1250 2251 detinebantur,
1276 2153 1415 2254 absque
1450 2152 1531 2229 ulla

188 2299 216 2348 „
240 2251 514 2372 totermrssione
539 2257 763 2356 lamentari,
788 2283 964 2364 gemere,
991 2253 1207 2360 sludeteque
1235 2256 1406 2335 viderent
1419 2283 1434 2330 .·
1457 2254 1531 2331 Ta·

188 2397 218 2447 η
241 2348 299 2435 les
322 2350 455 2438 dedere
480 2358 657 2463 exequiae
683 2362 859 2442 abeunti.
888 2357 1093 2442 AtVeneti
1118 2357 1331 2438 exultanter
1353 2356 1425 2455 jant
1448 2377 1532 2454 pot·

190 2499 219 2548 n
246 2474 328 2570 tum
351 2463 562 2572 tenebant,
589 2461 829 2544 Sacerdotem
851 2463 996 2564 semper
1017 2459 1227 2563 stipantes,
1251 2459 1318 2561 qui
1344 2457 1386 2537 in
1408 2454 1536 2534 medio
1599 2547 1605 2562 ,

188 2597 218 2648 ‚,
244 2554 421 2656 reliquus
446 2562 687 2664 deportabat,
712 2565 947 2680 Capitaneus
974 2585 1195 2665 veroquum
1222 2559 1534 2655 redeunteslega·

57 2686 61 2692 ⁴
187 2702 218 2748 ‚,
243 2672 302 2734 tos
323 2653 494 2758 vidisset,
520 2690 705 2744 unacum
734 2690 804 2760 us,
829 2685 924 2767 quoe
945 2665 1070 2744 secum
1100 2664 1142 2743 in
1153 2662 1283 2744 littore
1295 2658 1533 2752 detinuerat,

188 2801 216 2848 „
240 2750 396 2837 obviant
432 2763 546 2843 sacris
570 2762 757 2867 Reliquiis
782 2766 929 2844 somma
964 2787 1053 2845 curn
1081 2759 1287 2843 deuotione
1324 2755 1495 2862 procedit
1519 2810 1531 2832 .

188 2907 219 2953 „
242 2856 344 2940 Clau
374 2862 688 2960 untbinctubae‚
713 2866 925 2947 concinunt
951 2863 1159 2944 inde'mira
1185 2862 1370 2942 suavitate
1397 2857 1535 2959 tibyci·
1646 2933 1650 2938 .

187 3004 218 3059 2,
241 2979 331 3056 net,
390 2959 664 3046 niversiautem
691 2991 738 3047 ex
759 2967 914 3068 suscepti
943 2968 1066 3046 aDeo
1077 2965 1167 3046 sacri
1195 2960 1534 3053 muuerislotitia,

187 3105 216 3153 „
238 3061 403 3175 quodam
430 3085 538 3152 motu
565 3064 742 3170 gestuque
768 3069 936 3169 corporis
961 3067 1191 3147 extrinsecus
1217 3065 1342 3145 cordia
1362 3063 1419 3142 sni
1445 3085 1532 3163 gau·

187 3208 215 3255 „
241 3162 347 3277 dnum
366 3162 701 3283 demonstrabant.
739 3167 872 3272 itaque
900 3171 1045 3249 sacrum
1069 3166 1254 3269 Martyris
1280 3164 1463 3246 uerticem
1491 3160 1535 3238 in

188 3307 217 3355 2,
239 3261 446 3380 Capitaner
468 3269 598 3348 catina
618 3266 827 3351 honorifice
839 3269 1096 3354 collocarunt.
1122 3266 1433 3347 conscendentes
1453 3285 1536 3341 om·

188 3410 216 3458 2,
241 3387 310 3484 nec
333 3387 505 3484 triremes
531 3371 611 3450 suas
647 3391 799 3474 porrum
825 3371 994 3472 expediti
1022 3369 1243 3474 relinquunt
1270 3370 1448 3465 .‘Atque
1475 3386 1535 3441 ca-

188 3513 216 3560 „
241 3488 331 3547 rtnrt
356 3468 466 3572 crispi
492 3469 652 3573 aequorie
680 3489 784 3574 terga
810 3471 1044 3555 sulcantibus
1069 3469 1171 3551 selici
1195 3470 1444 3582 prosperoque
1471 3488 1538 3540 vo·

189 3621 217 3663 „
244 3567 321 3649 latu
334 3563 414 3672 poll
424 3573 624 3652 secundam
650 3566 926 3654 &tricesimam
938 3573 1040 3652 diem
1070 3569 1208 3673 patrios
1231 3587 1362 3670 portus
1384 3561 1537 3665 tngress't

189 3719 217 3763 „
242 3671 347 3752 sunt.
375 3669 488 3755 Tunc
515 3672 658 3756 sacrum
687 3675 763 3755 hoc
788 3675 1005 3777 calesteque
1032 3669 1356 3754 munueVenetiar
1380 3687 1538 3766 excepe-

191 3822 218 3866 „
244 3793 361 3851 runt.
388 3771 583 3858 Triremes
609 3774 727 3877 igitur
748 3775 836 3856 odo
862 3774 937 3856 illae
965 3771 1243 3854 Monaslerium
1273 3768 1460 3869 Martyria
1486 3791 1539 3844 re·

189 3924 219 3967 „
244 3869 305 3950 &o
332 3876 439 3954 cursu
465 3875 662 3973 adierunt,
688 3902 759 3956 nec
787 3876 889 3978 prius
914 3876 1111 3978 quisquam
1140 3895 1187 3953 ex
1212 3867 1538 4044 nautisprogriam

190 4027 218 4071 „
244 3989 487 4090 optatamque
512 3977 853 4072 domumacceffit,
879 3999 992 4078 quam
1015 3976 1122 4055 sacra
1144 3969 1390 4075 reliquiaesuo
1446 3965 1540 4067 ospi-

190 4128 216 4172 „
243 4076 607 4193 trocollqcatentut.
634 4075 737 4174 Has,
762 4079 836 4157 &ti
859 4097 991 4180 practer
1002 4077 1127 4177 spem,
1152 4092 1297 4175 quanto
1324 4069 1468 4162 studio,
1495 4090 1539 4146 ae

193 4232 220 4275 „
246 4201 516 4273 veneratione,
542 4177 767 4280 quantisque
780 4179 882 4258 votit
907 4175 1137 4258 devotitiinti
1163 4171 1391 4273 susceperint
1405 4169 1544 4248 Mona·

194 4333 223 4379 „
247 4278 337 4378 chi,
363 4280 560 4383 religiosus
586 4279 622 4359 8<
650 4277 953 4382 prudentissitnus
988 4276 1145 4379 quisque
1168 4276 1293 4354 secum
1330 4270 1544 4352 existimare

189 4413 219 4484 *„
247 4380 391 4485 potest.
420 4383 509 4463 Ideo
532 4395 659 4462 autem
688 4403 820 4483 prater
847 4381 947 4485 spent
976 4379 1014 4458 8<
1031 4398 1086 4557 {x
1108 4374 1315 4478 improviso
1337 4371 1429 4485 dixi·
1447 4395 1540 4468 quo·

1117 4506 1138 4556 a
1340 4526 1368 4572 „
1394 4494 1497 4551 nram
1557 4547 1562 4562 ,
