3934 5342
477 421 533 526 78
711 418 813 502 Dn
875 417 1448 501 Xnuooocrtro

415 567 563 672 ligione
589 565 814 672 Apostolica
841 563 1080 650 liberalitatis
1105 593 1264 650 munera
1290 567 1336 646 ad
1373 566 1451 650 loci
1478 563 1757 650 incrementum

413 669 660 773 imploravit,
685 671 732 750 ad
757 667 863 765 cujus
890 672 1244 769 precesAlexander
1263 669 1555 768 hujurnominir
1584 673 1650 750 VI.
1678 673 1758 751 Ho·

413 772 545 871 spitale
573 771 728 854 Pietatis
753 770 988 872 amplissimis
1022 773 1344 876 indulgentiarum
1365 774 1441 868 ,br
1510 772 1757 875 ivilegiorum

412 874 683 975 largitionibus
709 873 815 954 auxit
841 899 943 970 anno
970 874 1244 954 Mccccxcm.
1271 872 1332 953 die
1349 896 1439 952 v111.
1518 871 1605 954 attii
1626 878 1639 975 s
1653 874 1736 973 Α).
1812 941 1815 946 ,

465 979 583 1057 Anno
612 977 773 1057 Moctv.
808 974 870 1057 die
896 998 1003 1054 xxtv.
1041 977 1143 1057 Maii
1169 979 1323 1057 Sorores
1359 973 1698 1057 Confraternitatir
1722 978 1759 1057 S.

277 1131 282 1138 ι
412 1076 553 1157 Mariae
577 1079 624 1160 de
649 1075 883 1159 Humilitate
909 1078 955 1157 ad
981 1076 1163 1160 Coelellia
1190 1081 1257 1180 (ut
1282 1099 1330 1157 ex
1357 1076 1534 1157 Archino
1555 1075 1762 1180 Hospitalis

413 1177 652 1282 innotescit)
679 1179 889 1261 Priorissam
916 1179 1003 1261 loci,
1022 1181 1178 1262 Pietatis
1204 1181 1426 1282 elegerunt,
1450 1203 1498 1259 ex
1523 1206 1600 1283 quo
1625 1178 1763 1262 deinde

417 1306 520 1360 anno
547 1282 653 1363 nulla
680 1282 898 1381 hujusmodi
924 1282 1099 1363 Sodalitii
1136 1281 1284 1378 mentio
1309 1281 1529 1382 repetitur,
1563 1281 1764 1383 omnisque

416 1381 593 1487 deinceps
628 1383 704 1465 loci
731 1411 821 1467 cura
858 1385 928 1466 sub
962 1385 1041 1464 sola
1069 1383 1275 1466 Nobilium
1302 1385 1614 1464 Gubernatorum
1639 1409 1768 1483 cura,

417 1482 453 1564 ἃ
481 1485 805 1567 administratione
831 1484 1054 1589 permansit.

468 1586 592 1688 Igitur
620 1588 757 1669 borum
785 1587 998 1686 charitate,
1021 1587 1082 1667 sed
1110 1586 1230 1688 magis
1256 1583 1427 1689 prasenti
1441 1586 1626 1667 Numinis
1654 1587 1761 1668 mise·

413 1685 561 1768 ratione
589 1690 802 1790 proredium
831 1688 973 1771 illustre
1003 1690 1075 1770 huc
1087 1687 1517 1770 Christianacbaritatir
1529 1687 1762 1789 hospitium,

413 1789 508 1868 adeo
534 1792 676 1891 majora
703 1792 744 1872 in
770 1793 850 1872 dier
877 1792 1113 1872 incrementa
1126 1790 1308 1892 suscepit,
1335 1815 1376 1871 ut
1388 1790 1760 1892 copiosoinfantium

414 1890 545 1992 gregi,
570 1919 666 1995 quot
692 1894 937 1974 enutriendos
963 1895 1220 1994 amplexatum
1248 1891 1393 1989 suerat,
1419 1892 1537 1972 etiam
1562 1891 1762 1975 atelissimo

414 1991 576 2091 publiea
602 1994 800 2078 charitatis
826 2014 1035 2096 tempore,
1073 1992 1273 2074 necessaria
1310 1996 1357 2073 ad
1384 1993 1610 2095 exigendam
1639 1994 1760 2076 uitam

413 2091 596 2176 alimenta
622 2096 848 2198 praebuerit.
874 2096 1066 2198 Quamvis
1092 2119 1222 2176 autem
1233 2094 1427 2175 retroabiis
1440 2095 1676 2197 temporibus
1687 2123 1763 2177 am·

415 2195 478 2296 pla
504 2196 589 2277 satir
615 2199 752 2280 domus
778 2199 1006 2295 videretur,
1042 2220 1169 2288 tamen
1208 2198 1446 2277 excrescente
1484 2222 1535 2276 ex
1559 2198 1763 2280 maritimis

415 2296 618 2397 prasertim
646 2300 743 2383 loeis
769 2300 974 2382 infantium
1005 2325 1190 2396 numero,
1216 2298 1383 2380 veritum
1410 2295 1487 2398 est,
1513 2325 1562 2379 ne
1589 2300 1680 2400 quid
1705 2304 1791 2384 de„

417 2397 593 2480 trimenti
619 2426 667 2482 ex
694 2402 831 2483 adium
858 2400 1027 2502 angustia
1055 2421 1250 2504 caperent.
1277 2401 1490 2503 Eapropter
1515 2402 1765 2504 providaGu·

415 2500 658 2584 bernatorum
698 2504 816 2606 pietas
853 2505 970 2587 aedem
999 2503 1207 2599 aedificate,
1234 2501 1444 2600 laxiorem,
1470 2502 1506 2581 8<
1534 2501 1766 2586 nobiliorem

413 2600 620 2685 Ecclesiam
648 2605 866 2689 construere
892 2604 1115 2707 cogitavit,
1150 2605 1329 2707 spemque
1355 2629 1511 2685 omnem
1540 2604 1759 2707 perficiendi

407 2702 556 2785 confilii
582 2707 625 2787 in
657 2708 831 2791 Domino
867 2733 1087 2810 reponens,
1126 2705 1329 2810 sumptuosi
1357 2706 1482 2807 operis
1510 2707 1663 2787 exordia
1689 2704 1763 2811 pri·

408 2827 479 2884 mo
506 2807 628 2909 lapide
655 2836 721 2913 per
747 2812 887 2893 Veneti
916 2810 1041 2891 Ducis
1064 2833 1203 2890 manns
1235 2810 1277 2890 in
1304 2808 1479 2891 Ecclestae
1505 2808 1765 2897 fundamentis

410 2903 553 3005 inienio
577 2910 655 2991 rite
677 2911 880 3015 disposuit.

453 3010 509 3124 ‚ln
536 3036 739 3110 perennem
769 3033 881 3098 tanta
907 3014 964 3098 rei
990 3014 1150 3116 incepta
1177 3013 1404 3102 memoriam
1439 3033 1665 3115 argenteum
1691 3040 1757 3094 nu·
1813 3114 1816 3118 ,

403 3124 545 3190 mnata
571 3115 955 3200 cudiGubernatorer
980 3116 1058 3198 loci
1086 3117 1325 3212 voluerunt,
1350 3137 1464 3219 atque
1489 3118 1531 3195 in
1557 3116 1637 3218 ipso
1649 3139 1761 3202 πονε

409 3212 585 3294 Ecclesia
611 3214 864 3299 fundamento
890 3218 1011 3299 veluti
1031 3218 1203 3319 obsequii
1217 3216 1476 3302 testimoninm
1490 3220 1761 3321 reposuerunt.

408 3313 498 3396 Hoc
525 3342 575 3397 ex
600 3344 675 3399 una
702 3342 807 3422 parte
834 3321 1057 3423 Virgineam
1084 3323 1130 3401 ad
1152 3319 1351 3401 Elisabeth
1378 3320 1632 3401 visitationem
1656 3318 1760 3399 exhi·

409 3416 499 3516 bet,
526 3419 588 3501 hir
612 3420 885 3506 circumdatam
899 3424 1045 3510 verbis:
1071 3430 1132 3501 Ex
1158 3450 1218 3501 ore
1243 3417 1763 3523 infantiumfflalsenrium.

410 3518 470 3599 Ex
495 3522 617 3601 altera
641 3551 733 3628 uero
760 3525 858 3607 hanc
886 3524 1129 3626 Epigrapben
1156 3524 1269 3605 refert
1296 3553 1306 3603 :
1332 3522 1518 3625 Auspiciis
1544 3551 1569 3601 a
1589 3533 1638 3605 D.
1651 3533 1693 3601 0.
1704 3530 1764 3601 M.

410 3611 578 3736 religiose
613 3623 728 3725 ceprir
750 3622 906 3727 Templo
942 3636 984 3705 Β.
1007 3635 1063 3712 Μ.
1084 3631 1123 3704 V.
1149 3620 1278 3705 ritulo
1313 3623 1537 3730 Vrfitatr'om's
1568 3622 1764 3726 fundato,

405 3744 478 3905 rgo
487 3744 663 3909 §romum
688 3724 855 3830 lapidem
874 3725 998 3832 posuit
1023 3738 1152 3814 Petrus
1177 3724 1378 3817 Grimamu
1403 3738 1495 3812 Dux
1519 3725 1759 3810 {serenarum

290 3911 295 3920 .
451 3881 461 3907 ·
515 3855 666 3934 ²nan
