3934 5342
478 307 686 402 Sancrt
719 310 956 397 Gaonntr
990 311 1257 410 Matutam
1395 336 1474 425 ¹05

195 511 225 569 „-
250 459 469 569 tempestate
485 460 601 546 ¹nenti
630 464 729 543 inter
753 459 954 542 se‘furiole
979 481 1190 563 pugnantes
1217 459 1345 541 navim
1372 460 1539 562 undique

196 626 235 668 „4
251 567 562 669 conquatlabant,
588 566 625 644 &
651 563 764 644 maris
790 560 1555 657 lindiusfetrlentilsrmeintumescebant,¹

197 725 226 767 „
252 670 289 748 8(
316 670 416 748 iuter
440 669 476 746 se
501 667 683 748 contrarii
712 666 801 745 hinc
828 663 916 741 inde
942 662 979 741 se
1001 663 1537 764 profiliebantsquodcontra
1576 673 1583 684 ’

199 824 227 867 „
246 771 352 868 ¹spem
378 768 508 849 salutis
534 767 663 846 navim
689 765 1011 866 submergebant.
1039 763 1153 845 Tunc
1181 764 1313 865 utique
1339 765 1555 844 videbatur*
1638 777 1641 786 ’

198 883 225 967 ,·,
252 868 376 948 nautis
404 893 468 969 pre
495 868 681 964 turbine,
705 867 808 968 quod
833 865 959 946 celum
984 864 1169 963 caderet,
1195 866 1232 945 8(
1260 887 1357 944 terra
1383 866 1540 970 assurge·

198 990 326 1067 „rem
352 971 438 1050 Nec
465 971 606 1048 mirum
631 967 812 1070 quoniam
866 987 964 1046 teter
990 966 1057 1044 illa
1081 967 1119 1046 8(
1145 967 1218 1047 alia
1266 989 1351 1044 uam
1375 965 1539 1067 plurima

198 1117 233 1167 „·
251 1070 306 1148 eis
334 1070 695 1186 inerant'pericula.
723 992 879 1147 Oranfo
906 1066 1009 1147 enim
1038 1066 1123 1147 dare
1151 1094 1217 1149 eos
1239 987 1400 1148 htiebat
1424 1120 1438 1162 ,
1461 1067 1540 1168 plu·

199 1224 227 1268 „
252 1171 316 1248 via
343 1171 634 1266 madefaciebat,
660 1169 827 1249 tonitrua
855 1170 1146 1270 perterrebant,
1172 1170 1320 1269 fulgura
1347 1168 1553 1249 coruscant

198 1265 231 1368 ,·'‚'
252 1273 302 1350 do
329 1271 394 1348 vix
421 1273 547 1350 videre
574 1271 874 1371 permittebant.
912 1269 1000 1348 Hiis
1027 1268 1245 1350 infortuniis
1281 1268 1540 1372 pertriduum
1604 1340 1608 1346 ,

200 1405 229 1467 3,
253 1372 435 1451 continue
462 1373 673 1452 furentibus
701 1379 871 1454 temones
897 1369 1152 1472 franguntur,
1189 1369 1356 1450 anchore
1384 1370 1542 1472 perdun-

199 1523 227 1571 „
254 1494 345 1567 tur,
382 1473 419 1551 8(
445 1473 679 1552 omnia-lere
705 1472 779 1550 alia
810 1471 924 1551 *navis
951 1472 1148 1551 necessaria
1176 1473 1228 1551 ita
1254 1492 1542 1566 conteruntur,

199 1625 228 1671 ‚,
250 1573 352 1674 quod
380 1575 488 1654 navis
513 1572 762 1673 relinquitur,
782 1571 1091 1673 nuntiaremus.
1119 1574 1220 1652 Proh
1246 1573 1354 1653 dolor
1379 1595 1543 1676 quantus

199 1728 228 1772 „
253 1696 343 1754 tunc
369 1674 441 1753 suit
468 1675 823 1775 dolor&gemirus,
848 1695 990 1774 quanta
1012 1673 1184 1770 miseria,
1210 1697 1373 1776 quantus
1394 1676 1539 1754 clamor

197 1830 225 1871 „
250 1799 338 1854 cum
365 1777 544 1876 lacrymis
564 1829 578 1872 ,
602 1797 754 1877 quanta,
771 1773 1038 1873 desperationis
1070 1775 1243 1856 tristicia.
1271 1777 1417 1856 Omnes
1440 1800 1540 1856 com·

197 1928 225 1974 „
252 1876 418 1956 munitet
443 1903 556 1955 unam
584 1903 719 1956 vocem
746 1876 886 1956 doloris
915 1877 1138 1974 habebant,
1174 1904 1308 1958 omnes
1334 1877 1465 1959 oculos
1492 1876 1539 1957 ad

197 2029 226 2072 „
250 1978 376 2056 celum
404 1979 637 2080 erigebant,
675 1980 803 2057 Deum
843 1975 911 2059 fibi
939 1999 1091 2060 tantum
1119 1978 1219 2059 afore
1246 1980 1452 2082 propitium
1479 1978 1541 2057 tle·

195 2130 225 2173 ,‚
251 2080 475 2178 poscebant,
530 2079 591 2161 uia
618 2081 768 2182 penitus
794 2083 840 2161 de
867 2082 946 2161 vita
973 2082 1216 2163 diffidebant.
1245 2083 1307 2162 Sic
1335 2080 1458 2160 nautis
1486 2079 1538 2157 la-

108 2243 115 2266 i
202 2230 229 2274 „
257 2181 476 2263 borantibus
501 2107 539 2264 h
565 2185 747 2264 evadendi
775 2185 920 2286 prorsus
947 2185 1092 2265 nullam
1120 2183 1220 2287 spem
1248 2182 1476 2263 habentibus
1502 2180 1543 2259 in

167 2330 171 2340 ·
197 2332 225 2374 ‚,
253 2283 362 2396 tertia
388 2284 449 2363 die
487 2284 559 2365 hec
585 2311 661 2366 vox
687 2287 786 2386 lapsa
813 2288 858 2365 de
884 2285 975 2366 celis
1001 2287 1230 2365 auditur-ab
1252 2284 1462 2365 omnibus:
1491 2279 1537 2361 ln
1620 2343 1624 2350 .

76 2483 78 2486 v
194 2432 225 2475 ,‚
251 2382 317 2460 ista
344 2386 430 2462 navi
456 2384 507 2463 est
533 2413 667 2488 corpus
693 2388 819 2467 Sancii
846 2387 1027 2489 Stephani
1040 2385 1380 2487 Prothomattytis.
1409 2387 1553 2487 Quam·

196 2532 225 2576 „
250 2506 386 2563 vocem
413 2490 689 2569 cum-audiunt
716 2515 849 2568 omnes
875 2489 1107 2585 amirantur,
1134 2488 1274 2590 &quis
1301 2507 1432 2566 eorum
1461 2484 1540 2586 pos·

197 2632 224 2675 „
251 2583 470 2700 sethabe‘re
497 2614 634 2689 corpus
658 2589 836 2669 Saudlum
864 2590 991 2670 celesti
1019 2614 1113 2668 voce
1139 2591 1350 2668 revelatum
1378 2587 1477 2665 inter
1504 2586 1541 2663 se

196 2732 226 2776 „
250 2681 493 2799 lilcttantur,
529 2689 567 2767 8(
594 2693 748 2770 tandem
775 2692 877 2792 quod
900 2690 1120 2771 Monachus
1146 2689 1241 2768 illud
1272 2691 1460 2781 habetet,
1487 2687 1551 2764 su·¹

199 2831 224 2878 „
250 2784 464 2901 sprcoantur.
494 2791 604 2871 Unde
631 2792 784 2892 quidam
813 2793 969 2872 illorum
992 2789 1119 2892 statim
1147 2791 1192 2868 ad
1222 2789 1461 2870 Monachum
1488 2787 1540 2867 le·

196 2934 226 2978 „
247 2882 333 2963 him
361 2910 648 2988 precurrerunt,
673 2894 711 2972 8(
737 2893 764 2970 st
790 2918 926 2994 corpus
952 2920 974 2969 a
1001 2891 1088 2971 Deo
1114 2893 1325 2972 revelatum
1351 2893 1540 2985 habetet,

195 3036 222 3079 „
247 2983 477 3102 fingultuosa
499 3017 597 3074 -voce
624 2992 900 3094 exquifierunt.
925 2991 1082 3094 Quibus
1100 2994 1166 3073 ille
1187 2993 1352 3090 scitote,
1378 2990 1541 3092 inquit,

199 3136 226 3179 ,‚
251 3111 343 3186 quta
368 3116 502 3192 corpus
530 3093 626 3172 illud
652 3093 854 3190 sancium,
880 3095 925 3173 de
951 3120 1029 3195 qno
1054 3095 1246 3196 queritis,
1274 3120 1354 3173 non
1383 3094 1540 3186 babeo,

195 3237 221 3280 ‚,
245 3187 307 3266 sed
326 3188 422 3289 ligni
449 3194 572 3273 crucis
599 3196 763 3276 Domini
788 3194 903 3276 nostri
929 3196 1014 3295 Jesu
1039 3194 1208 3292 Christi,
1234 3193 1420 3295 &Jacobi
1440 3196 1541 3294 Apo·

193 3337 220 3381 ‚,
245 3286 587 3409 stoli&Plathonis
601 3295 788 3397 Martyris
813 3297 1095 3398 aliquantulum
1123 3295 1368 3397 reliquiarum
1397 3315 1457 3373 me
1475 3295 1539 3372 ha·

192 3439 223 3481 „
249 3390 335 3470 bere
362 3397 567 3508 perhibeo.
596 3397 678 3476 lllis
691 3399 932 3479 Monachum
959 3397 1008 3477 fic
1035 3399 1159 3477 adbuc
1185 3395 1434 3476 fiscitantibus
1460 3415 1546 3472 om··

189 3538 218 3584 „
244 3513 307 3568 nes
332 3494 397 3609 alti
425 3494 815 3579 fimulconfluxerunt
842 3501 957 3580 modo
983 3499 1181 3599 precibus,
1208 3499 1324 3577 modo
1336 3493 1474 3592 minis,
1500 3495 1538 3575 &

121 3695 125 3700 ἡ
193 3625 220 3683 ·,‚
246 3598 452 3707 terroribus
478 3615 614 3699 corpus
640 3601 766 3680 celesti
795 3599 1204 3696 vocemanilestatum,
1230 3599 1267 3678 ei
1279 3598 1536 3701 expetierunt.

190 3741 220 3784 „
247 3693 438 3810 Dicebant
465 3700 599 3777 enim:
627 3702 665 3780 Si
693 3705 825 3801 sponte
851 3705 889 3782 8(
917 3702 1041 3781 statim
1068 3726 1202 3804 corpus
1228 3698 1352 3779 Sancti
1381 3700 1540 3778 Protho-

192 3842 220 3884 „
247 3814 422 3895 martyris
449 3825 525 3878 non
552 3801 871 3901 manifestaveris,
896 3803 1112 3883 &stlocum
1139 3802 1206 3882 ubi
1229 3802 1271 3882 stt
1293 3801 1539 3902 absconsum,

191 3943 218 3987 „
246 3913 289 3970 ut
316 3918 499 4012 cumpro
526 3901 679 3982 instanti
718 3907 887 4004 periculo
925 3906 1061 3984 mortis
1096 3925 1297 3984 exoremus
1324 3902 1434 3981 nobis
1462 3924 1540 3980 non

193 4044 219 4089 ,‚
244 3994 464 4113 ollenserrs,
490 4004 620 4082 omnia
647 4025 711 4082 tua
739 4008 1078 4106 perscrutabimus,
1104 4008 1140 4085 8(
1168 4005 1192 4084 fi
1223 4027 1259 4084 te
1286 4025 1471 4105 negante,
1496 4001 1542 4080 il·
1631 4035 1637 4040 ·

196 4146 225 4189 „
250 4095 316 4174 lud
342 4103 639 4201 invenerimus,
665 4106 737 4185 tibi
765 4134 852 4186 eum
881 4108 1095 4202 tollemus,
1131 4107 1320 4208 digneque
1348 4103 1540 4184 venerabi·

193 4244 221 4288 „
246 4219 354 4294 mus,
379 4201 416 4279 8(
444 4224 482 4281 te
509 4205 549 4283 in
576 4231 679 4286 mare
705 4207 946 4305 jadiabimus.
973 4210 1045 4287 His
1071 4208 1210 4286 auditis
1237 4209 1377 4286 timens
1405 4206 1541 4284 Mona·

194 4347 222 4393 ,‚
248 4297 343 4375 chus
369 4301 448 4382 virn
476 4303 543 4384 sabi
572 4308 735 4407 inferri,
762 4336 832 4392 nec
860 4313 993 4392 volens
1019 4321 1178 4408 corpore
1197 4308 1264 4389 srbi
1285 4310 1439 4402 ablato,
1465 4328 1541 4386 ma·

243 4459 249 4466 .
296 4404 403 4484 Tum.
429 4411 527 4484 VIII.
713 4513 718 4520 x
1069 4414 1108 4490 Ο
1411 4429 1512 4504 „re-
