3934 5342
483 363 1438 458 168'DeM0nnsran10

419 524 592 607 censium
619 516 670 597 est
695 517 926 598 Constantia
952 517 1177 602 Concilium
1194 519 1298 598 XVI.
1325 518 1622 601 OEcumenicum
1649 545 1754 601 anno

422 653 527 724 1417.
555 640 596 698 ut
621 619 699 716 ejus
724 619 955 699 authoritate
981 620 1064 699 dito
1090 619 1305 716 schismati,
1329 645 1407 721 quo
1426 620 1591 701 Ecclesia
1614 622 1753 702 amul·

419 726 468 803 tis
494 718 603 801 annis
628 719 925 815 dilacerabatur,
949 719 1035 801 finis
1061 721 1346 821 imponeretur.
1372 723 1432 800 Ad
1459 722 1579 825 ipsum
1606 723 1753 802 Conci·

416 822 536 918 lium,
562 847 609 900 ne
636 822 924 922 gregemsuum
951 821 992 900 in
1018 822 1098 923 ipso
1123 841 1312 922 concepta
1338 820 1616 902 reformationis
1643 846 1751 902 exor-

415 924 481 1003 dio
508 923 713 1017 desereret,
738 922 915 1001 accedere
940 921 1065 1002 noluit
1092 923 1276 1022 Joannes,
1299 944 1525 1024 quapropter
1551 922 1751 1024 Thornam

417 1022 695 1104 Thomastnum
720 1047 741 1100 e
769 1022 1025 1102 Dominicana
1051 1021 1194 1101 familia
1221 1023 1447 1124 Episcopum
1467 1022 1752 1102 AEmoniensem

416 1123 485 1203 fibi
512 1123 704 1218 moribus,
729 1122 954 1203 &amicitia
975 1121 1500 1225 conjundiissrmumrogavit,
1526 1144 1568 1202 ut
1585 1123 1756 1223 quando-

416 1223 570 1325 quidem
596 1224 642 1301 ad
667 1223 863 1323 Synodum
891 1222 1112 1325 Episcopaii‘
1138 1223 1254 1303 titulo
1279 1226 1506 1319 accederet,
1542 1223 1609 1301 suo
1634 1221 1752 1301 etiam

415 1325 575 1404 nomine
601 1323 808 1402 interesset.
835 1323 1105 1425 Hospitabatur
1130 1350 1178 1406 eo
1204 1325 1384 1427 temporis
1410 1323 1449 1402 in
1478 1321 1573 1402 Divi
1594 1322 1753 1423 Georgii

416 1424 613 1508 Coenobio
625 1425 797 1505 Thomas
807 1425 1039 1527 Episcopus,
1064 1425 1130 1506 ubi
1156 1425 1263 1526 gravi
1290 1425 1509 1518 infirmitate
1534 1445 1752 1524 correptus,
1786 1471 1790 1480 ,

416 1550 506 1606 cum
532 1548 579 1604 ex
606 1524 889 1604 Monachorum
915 1526 1072 1607 consilio
1093 1525 1205 1605 Diva
1215 1523 1753 1623 CatharinaSenensrs,non·

418 1625 510 1716 dum
537 1651 584 1707 eo
608 1646 779 1726 tempore
806 1625 904 1707 inter
923 1626 1073 1708 Sandas
1098 1627 1223 1710 relata
1245 1678 1258 1723 ,
1282 1651 1395 1727 opem
1421 1624 1673 1727 implorasset,
1698 1648 1752 1702 re·

416 1746 530 1827 pente
555 1726 705 1805 sanitati
733 1726 969 1807 restituitur.
997 1729 1090 1807 Hac
1115 1750 1163 1806 ex
1189 1724 1355 1828 processu
1382 1747 1509 1828 patent
1536 1722 1750 1804 Veneriisa

412 1824 614 1908 Francisco
639 1828 784 1907 Bembo
819 1828 1036 1910 Castellano
1061 1827 1247 1928 Episcopo
1284 1852 1351 1929 pro
1384 1826 1549 1925 ejusdem
1578 1823 1749 2003 Virphinis

413 1926 605 2028 apotheosi
631 1927 834 2024 consedo,
869 1931 974 2027 cujus
1000 1927 1080 2009 asia
1106 1929 1251 2028 integra
1288 1948 1420 2007 extant
1445 1927 1486 2006 in
1512 1926 1655 2004 Bibliot
1687 1949 1752 2004 eea

413 2028 477 2106 SS.
498 2026 651 2125 Ioannis
676 2029 714 2107 dr
740 2028 871 2121 Pauli,
896 2054 1038 2130 eaque,
1064 2022 1156 2108 licet
1180 2028 1222 2106 in
1249 2027 1438 2129 aliquibus
1464 2026 1663 2122 mutilata,
1687 2051 1751 2127 pu·

414 2126 507 2207 blici
534 2126 623 2222 juris
649 2126 739 2208 fecit
765 2128 1032 2209 eruditissimus
1058 2130 1268 2208 Martene.
1306 2128 1473 2209 Sanitate
1500 2127 1626 2229 itaque
1654 2151 1753 2205 rece·

443 2247 482 2306 ta
508 2227 681 2311 Thomas
716 2229 762 2308 ad
788 2229 986 2330 Synodum
1009 2228 1241 2310 Constantia
1268 2228 1428 2308 Abbatis
1453 2227 1567 2307 etiarn
1596 2226 1752 2307 nomine

411 2252 450 2407 h
475 2327 663 2426 contulit,
689 2352 735 2408 ex
760 2355 834 2430 qua
859 2331 965 2409 Urbe
991 2329 1217 2409 suavissimas
1242 2327 1386 2408 litteras
1410 2328 1457 2407 ad
1478 2330 1668 2407 Abbatem
1693 2325 1753 2404 de·

412 2424 493 2524 dit,
518 2427 656 2529 quibus
681 2427 770 2508 edm
798 2431 1043 2527 hortabatur,
1070 2450 1112 2509 ut
1132 2429 1414 2510 ¹Sacerdotalem
1440 2426 1692 2509 charaderem
1703 2425 1750 2503 ad
1792 2513 1796 2524 p

411 2549 588 2607 ornatum
613 2527 1041 2631 dignitatisassumeret,
1066 2555 1143 2632 quo
1170 2551 1322 2626 tamen,
1348 2527 1417 2610 nisi
1443 2527 1615 2610 restituto
1627 2527 1748 2628 inpa-

412 2626 524 2711 triam
538 2629 913 2733 ThomaEpiscopo,
939 2633 1069 2710 Abbas
1094 2633 1130 2712 se
1157 2630 1326 2732 insigniri
1352 2656 1430 2712 non
1459 2627 1643 2730 permisit.
1669 2632 1747 2707 An

288 2801 295 2818 ,
411 2753 464 2807 no
489 2729 607 2830 igitur
633 2731 909 2811 Mccccxum.
938 2732 1112 2811 Thomas
1147 2758 1169 2812 e
1195 2729 1379 2812 Concilio
1412 2732 1530 2810 redux
1566 2730 1750 2829 Ioannem

411 2828 668 2909 Dominicunr
694 2829 785 2909 licet
811 2856 886 2931 praa
913 2830 1131 2912 humilitate
1158 2830 1405 2912 resudantem
1432 2829 1650 2910 Sacerdotio
1676 2827 1750 2907 ini·

413 2928 550 3023 tiavit,
574 2929 709 3009 deinde
735 2955 837 3009 anno
863 2929 1075 3031 insequenti
1102 2933 1228 3012 mense
1254 2934 1373 3031 Junio¹
1392 2927 1599 3012 Ecclesiam
1637 2927 1752 3008 titulo

308 3033 310 3038 ’
411 3026 636 3108 Samiorum
661 3030 843 3208 Stephani
871 3032 1198 3134 Protomartyris,
1223 3032 1260 3112 8<
1286 3032 1442 3132 Georgii
1468 3029 1656 3132 Martyris
1682 3029 1751 3106 Ec·

410 3126 619 3220 elestaliicae
644 3130 936 3211 conserationis
962 3158 1120 3213 munere
1143 3133 1359 3213 decoravit.
1388 3131 1490 3214 Ana
1512 3130 1567 3211 rei
1589 3126 1751 3209 testimo

411 3226 521 3317 nium
548 3227 704 3310 exhibet
739 3230 895 3332 antiqua
919 3233 1054 3312 scheda
1090 3233 1131 3312 in
1157 3233 1330 3315 Archino
1355 3235 1569 3329 asservata,
1603 3253 1649 3311 ex
1673 3254 1750 3328 qua

410 3349 515 3509 haim
541 3330 1118 3447 Stephanum-Protomattyrem
1146 3361 1224 3418 non
1250 3334 1544 3450 contitularem,
1569 3331 1629 3411 sed
1655 3328 1747 3408 titu-

468 3453 529 3511 em
556 3457 785 3534 praecipuum
810 3458 889 3533 etus
915 3435 1091 3522 Ecclesia
1116 3436 1261 3541 semper
1287 3438 1462 3528 habitum
1488 3433 1611 3530 fuisse.

595 3643 599 3650 v

596 3669 599 3678 r

1019 3652 1153 3755 Tr't's‘.

459 3917 487 3961 ,ι
510 3867 556 3956 ⁴1⁴
582 3867 697 3949 Anno
722 3870 884 3954 Domini
912 3876 1279 3957 Mccccxvrrst....
1306 3874 1413 3977 Iunii
1439 3867 1749 3954 Indidionexrr.

408 4016 437 4060 „
464 3965 696 4082 Consecrata
722 3971 801 4051 suit
831 3975 900 4056 hec
923 3976 1088 4057 Ecclefia
1116 4002 1180 4077 per
1212 3975 1478 4064 Venerabisem
1502 3977 1651 4053 Patrem
1672 3967 1750 4081 Dp

407 4116 435 4159 „
463 4090 610 4168 minum
635 4071 830 4153 Thomam
854 4075 1084 4179 Episcopum
1096 4079 1349 4156 Embnensem
1370 4078 1417 4159 ad
1440 4077 1628 4155 honorem
1650 4068 1752 4176 Det,

396 4215 436 4268 ,ι
461 4166 498 4244 8<
524 4170 680 4250 nomina
706 4175 743 4253 8(
771 4179 971 4258 memorias
1008 4180 1230 4257 Sandorum
1257 4177 1440 4279 Stephani
1468 4174 1753 4269 Prothomarty·

406 4303 434 4359 ,·,
461 4289 517 4344 ns
537 4269 573 4346 ἃ
593 4273 758 4371 ‘Georgii
775 4278 982 4379 Martyris,¹
1005 4281 1045 4359 dr
1073 4301 1138 4380 per
1164 4284 1340 4360 eumdem
1355 4279 1555 4380 D.Episco
1584 4300 1649 4354 um
1661 4287 1751 4351 eou·

405 4397 434 4459 'n
460 4365 642 4450 sectatum
670 4373 742 4453 suit
778 4375 855 4459 hoc
881 4381 1015 4461 Altare
1050 4382 1096 4462 ad
1122 4378 1311 4464 honorem
1336 4380 1446 4466 Beati
1472 4304 1656 4483 Stephani
1692 4368 1751 4447 sua

524 4495 531 4514 ‘
1580 4494 1701 4577 „pra-
