3934 5342
524 393 615 501 138'
747 371 860 468 ‘Da
923 382 1489 468 Monasrattto

393 587 395 590 ·
456 599 484 643 „
509 535 694 619 auxilium
721 528 989 612 invocantibus
1025 530 1195 614 tribuens
1223 513 1425 617 sanita'tes.
1462 532 1565 636 Quis
1599 532 1705 620 enirn
1733 539 1800 626 rel

456 700 485 743 „
511 637 653 719 morbis
686 633 978 733 comprehensus
1005 633 1066 711 vel
1093 632 1377 717 adversitatibus
1410 634 1668 720 circumdatus
1692 638 1797 722 dein·

454 766 595 844 „ceps
621 734 824 818 Beatissimi
851 733 1015 849 martiris
1042 733 1247 838 implorans
1273 762 1415 816 nomen
1441 764 1520 818 noo
1547 737 1671 818 statim
1693 738 1798 822 inve·

455 842 568 946 „fnit
594 836 809 920 difficilium
837 835 1098 915 soluttonem.
1134 836 1200 917 Est
1226 836 1328 920 enirn
1356 859 1486 940 portus
1518 837 1802 930 infirmantibus

456 998 485 1045 „
510 942 722 1035 omnibus,
756 936 822 1038 qui
849 936 891 1016 in
918 935 1167 1018 tribulatione
1203 938 1290 1020 suut
1325 940 1563 1043 oppiculator
1585 942 1625 1022 8(
1651 942 1801 1041 adjutor

455 1097 485 1147 „
511 1040 824 1146 promptissimus.
850 1037 922 1117 Sed
934 1093 1029 1117 .....
1056 1038 1228 1139 splendor
1241 1040 1419 1139 juliorum
1446 1043 1720 1142 gubernatione
1735 1045 1801 1124 l’a·

458 1202 488 1247 ‚,
514 1145 761 1225 triarchatum
786 1139 986 1219 contortor
1010 1137 1155 1220 celestis
1181 1138 1284 1222 adius
1309 1142 1492 1245 particeps
1516 1143 1608 1223 adsts
1635 1169 1737 1225 nunc
1762 1145 1803 1230 8(

459 1302 488 1351 „
514 1244 624 1328 nobis
651 1266 715 1324 tue
742 1241 1007 1342 opitulationis
1033 1241 1291 1343 indigentibus
1317 1243 1354 1326 8(
1380 1243 1513 1326 auxilii
1539 1244 1579 1328 8(
1604 1244 1706 1346 eripe
1733 1271 1804 1328 nos

459 1403 492 1450 ‚,
517 1374 538 1427 a
565 1345 725 1446 maligni
752 1341 966 1439 scandalis,
1003 1368 1077 1445 que
1104 1344 1169 1422 vix
1194 1343 1247 1423 est
1272 1345 1438 1449 effugere
1474 1346 1587 1443 huius
1613 1345 1693 1426 vire
1719 1345 1803 1430 seda

455 1506 487 1551 „
513 1447 769 1530 turbationem
793 1464 1040 1546 mentemque
1051 1441 1486 1548 mitigantempestne,
1511 1446 1804 1532 &inmundam

432 1606 487 1651 „‚,
512 1577 581 1631 nos
608 1548 715 1630 effice
740 1545 957 1627 consufiooe
983 1545 1223 1648 superiores,
1250 1567 1291 1630 ut
1319 1570 1469 1628 tuarum
1497 1547 1805 1632 intercessionum

458 1706 487 1752 „
510 1649 643 1732 dreni
670 1647 930 1750 gubernaculo
957 1646 998 1726 in
1025 1647 1233 1749 presentem
1263 1648 1381 1730 vitam
1419 1649 1610 1751 tranquile
1635 1669 1800 1750 pertran-

457 1790 487 1852 „
512 1753 680 1847 scamus,
705 1749 742 1829 8(
768 1747 996 1849 sempiterna
1022 1752 1121 1830 bona
1133 1749 1405 1850 adipiscamur,
1429 1777 1503 1853 que
1524 1749 1722 1867 contingat
1733 1776 1803 1832 uos

455 1908 485 1952 „
509 1877 643 1932 omnes
670 1849 835 1932 nancisci
861 1849 1017 1950 gratia,
1043 1849 1080 1930 8(
1107 1849 1344 1950 benignitate
1371 1852 1533 1934 Domini
1571 1851 1687 1931 'ttostn
1713 1852 1801 1951 Jestt

455 2010 484 2054 „
510 1954 690 2051 Christi,
725 1977 814 2031 cum
841 1976 918 2052 quo
943 1949 1066 2051 gloria
1093 1951 1130 2031 8(
1156 1951 1361 2052 imperium
1389 1952 1513 2034 honor
1537 1953 1575 2033 8(
1602 1952 1802 2055 suplieatio

455 2110 486 2155 „
512 2056 612 2136 Patri
638 2055 676 2134 8(
703 2052 860 2154 Spiritui
887 2048 1026 2133 Sansio
1050 2052 1088 2132 8(
1114 2078 1216 2133 nunc
1242 2052 1279 2134 8(
1306 2054 1450 2157 semper
1476 2054 1513 2135 8(
1539 2054 1580 2134 in
1601 2054 1726 2136 secula
1750 2054 1803 2135 se·

456 2209 485 2255 „
510 2158 685 2237 culorum
712 2160 858 2236 Amen.
1436 2244 1441 2254 ‚
1687 2179 1692 2193 ·

508 2253 819 2340 Translationem
855 2279 934 2355 quo
988 2252 1139 2333 eSaeti
1164 2254 1349 2357 Corporis
1377 2256 1560 2340 Venetiar
1593 2256 1727 2338 sesiam
1754 2279 1804 2336 ex

457 2356 537 2440 alio
563 2381 631 2438 ms.
658 2381 887 2459 pergameno
911 2380 933 2432 a
959 2354 1168 2436 discimtts.
1194 2355 1290 2434 Eam
1312 2410 1326 2452 ,
1351 2356 1418 2437 etst
1440 2361 1490 2442 ab
1518 2358 1689 2459 Ugbello
1714 2358 1802 2442 alla-

457 2481 573 2558 tam,
610 2456 674 2539 hic
702 2480 830 2538 tamen
856 2455 1038 2536 exhibere
1063 2455 1255 2557 optimum
1281 2459 1451 2559 censeo,
1488 2478 1572 2553 turn
1598 2479 1641 2538 ut
1667 2457 1800 2540 omnia

457 2559 556 2644 Divi
584 2559 770 2663 Martyris
795 2557 989 2642 autentica
1015 2556 1245 2638 documenta
1282 2581 1363 2639 uno
1387 2558 1428 2640 in
1454 2561 1542 2643 loco
1565 2557 1727 2642 eollesla
1747 2558 1804 2640 in·

458 2659 684 2757 veniuntur,
710 2682 793 2741 tum
820 2681 863 2738 ut
889 2658 1078 2762 enarratio
1104 2658 1180 2759 ipsa
1203 2713 1218 2756 ,
1239 2684 1354 2760 quant
1381 2687 1403 2740 a
1429 2662 1514 2743 vito
1539 2683 1801 2763 contempora-

459 2789 534 2844 neo
559 2762 736 2863 scriptam
763 2759 868 2841 luisse
893 2758 1094 2857 nouimus,
1120 2758 1265 2840 notulis
1290 2760 1481 2863 aliquibus
1507 2761 1735 2845 illustretur.

460 2955 677 3076 Translarr‘o
699 2958 867 3075 §asparis
890 2959 1096 3075 Beatiffimr'
1104 2959 1217 3042 Pauli
1242 2962 1427 3080 Martyris
1450 2960 1807 3078 deConllaentntrp03

456 3107 460 3114 .
511 3057 543 3144 lt
579 3071 748 3177 Venerem
766 3091 880 3182 ‚anno
915 3072 1073 3145 Domtm
1099 3064 1303 3148 Mccxxtt.
1339 3093 1381 3147 tn
1416 3070 1641 3173 llenastme
1675 3062 1807 3147 sanni

509 3175 659 3265 Georges
685 3175 865 3263 Mamers.
1602 3205 1605 3212 ¹

510 3424 537 3469 ,‚
562 3368 760 3452 Gloriosus
773 3368 1100 3472 Martyr-l’aultrs,
1126 3371 1284 3454 Fratres
1300 3370 1639 3469 meidilesiiliimi,
1663 3368 1805 3470 iillum

457 3526 488 3571 „
511 3474 584 3554 elie
610 3470 787 3567 credidi,
812 3471 975 3571 qualiter
1000 3497 1022 3552 e
1048 3471 1386 3576 Constantinopoli
1416 3474 1598 3556 Venetiae
1620 3470 1807 3567 venerit,
1919 3573 1922 3580 Δ

455 3626 488 3670 „
514 3575 758 3672 &tempore,
783 3572 881 3673 stylo
908 3574 1092 3669 seribere,
1120 3589 1163 3653 ut
1190 3576 1298 3658 beata
1325 3576 1510 3656 memoria
1536 3573 1670 3671 vobin,
1694 3572 1808 3672 &po-

455 3726 488 3771 .„
514 3674 617 3754 stetis
644 3696 826 3773 perpetuo
842 3675 1108 3754 conservetur.
1132 3677 1354 3756 Groecorum
1365 3704 1483 3778 gens,
1507 3673 1808 3779 quaeimperium

459 3826 488 3873 „
514 3775 984 3876 Constantinopolitanum
1012 3778 1166 3876 tegebat
1187 3830 1202 3872 ,
1227 3775 1304 3858 sere
1330 3804 1496 3875 ornnes,
1520 3803 1604 3879 qua
1629 3777 1672 3856 in
1697 3798 1807 3854 mun

453 3929 488 3973 „
511 3878 561 3956 do
587 3900 693 3958 erant
720 3901 851 3977 gentes
878 3901 957 3956 tam
983 3875 1026 3958 itt
1052 3876 1316 3979 secularibus,
1341 3907 1457 3983 quam
1482 3881 1524 3958 in
1551 3876 1807 3981 spiritualibus

459 4029 486 4074 „
512 3979 763 4081 despiciebat,
784 3978 825 4057 8(
851 3979 1163 4058 abominabatur.
1191 3980 1334 4078 Venit,
1361 3981 1454 4063 stcut
1480 3979 1646 4076 adimo,
1672 4000 1808 4058 eorum

459 4130 487 4175 „
513 4081 706 4181 superbia,
732 4080 769 4158 8(
795 4079 987 4183 despedus
1013 4080 1054 4157 itt
1081 4081 1306 4162 memoriam
1332 4083 1416 4182 julli
1444 4081 1521 4163 Dei
1547 4082 1586 4161 8(
1612 4078 1808 4162 occassone

458 4230 488 4276 „
513 4181 644 4260 saneto
672 4203 776 4260 terra
803 4207 895 4282 gens
922 4179 1175 4280 nobilissima,
1200 4183 1240 4264 8(
1266 4186 1354 4265 Deo
1379 4183 1808 4265 devotaVenetloorunt

459 4334 487 4378 „
513 4308 601 4361 cum
629 4283 819 4384 aliquibus
844 4282 1068 4363 Comitibus
1096 4283 1389 4375 ultramontanis
1415 4306 1641 4390 pataverunt
1669 4277 1813 4368 exerci-

458 4435 485 4480 „
516 4405 600 4466 tum
626 4406 670 4470 ut
695 4388 924 4484 Saracenos,
947 4383 986 4466 8(
1010 4381 1194 4468 Barbaros
1218 4387 1474 4473 devastarent.
1500 4387 1575 4471 Sed
1594 4387 1704 4470 Deus
1729 4406 1813 4463 om·
1949 4377 1950 4432 Ὗ

1430 4533 1470 4572 ⁴·
1653 4540 1681 4586 n
1703 4485 1775 4564 ni‘
