3934 5342
480 318 569 402 ,1106
718 302 822 390 DE
882 300 1456 414 Monssrnnro

417 521 446 566 „
470 491 511 547 re
538 453 750 557 immergi,
785 448 839 568 stc
860 449 915 532 eis
941 448 1113 570 loquitur
1139 480 1236 544 voce
1271 461 1415 544 humili
1436 519 1448 541 .
1483 462 1630 545 Verum
1666 463 1760 566 est,

413 623 443 667 „
467 565 569 670 quod
595 581 670 639 vox
696 555 743 638 dc
768 554 861 636 celtt
887 553 1002 671 bodie
1028 553 1232 657 tosonuit,
1270 588 1404 645 verum
1424 563 1514 663 est,
1548 565 1649 666 quod
1668 567 1761 664 dici-

416 671 447 769 ,ζ
473 668 542 747 tis..
568 660 647 744 Hic
672 655 1148 772 proculdubroemquod
1173 662 1330 766 queritis
1355 661 1396 746 in
1415 663 1529 748 archa
1550 666 1640 765 ista,
1665 666 1763 750 suui-

416 822 446 868 „
472 772 542 848 bus
568 761 737 845 stridunt
761 758 1025 859 circumligata
1050 761 1144 842 latet
1170 790 1305 884 corpus
1330 766 1555 866 Sansiissit'ni
1581 755 1765 869 Stephani

416 923 446 972 „
471 863 827 966 Prothomartyris.
862 859 1045 961 Cumque
1071 861 1146 946 hoc
1169 863 1349 968 dixisset,
1382 895 1516 952 omnes
1537 871 1710 974 protinus
1730 869 1768 954 se

418 1023 449 1072 „
473 966 725 1066 discalciant,
750 965 787 1045 8(
813 982 901 1046 ante
927 986 1064 1064 corpus
1088 965 1260 1066 prostrati
1283 969 1396 1053 nudis
1422 972 1579 1075 pedibus
1604 971 1772 1054 fundunt

419 1127 449 1174 „
477 1073 563 1152 Deo
584 1093 735 1187 preces,
760 1067 1020 1183 &lacrymasy
1044 1065 1219 1150 &Sanni
1233 1073 1580 1177 Prothomartyris,
1603 1072 1771 1154 &athle-

420 1227 449 1276 „
474 1195 512 1256 te
525 1173 602 1254 Der
626 1170 672 1251 dc
724 1171 831 1251 scunt
856 1165 1055 1272 suffragra,
1079 1192 1263 1272 quatenus
1289 1174 1501 1278 patrocinio
1522 1176 1601 1276 ejus
1612 1175 1773 1265 immen-

420 1330 450 1376 „
473 1275 512 1356 se
538 1295 665 1375 tempe
697 1272 760 1389 ati·
777 1271 956 1385 darentur
991 1271 1192 1378 remedia,
1225 1265 1266 1358 8(
1293 1274 1373 1358 vite
1399 1285 1475 1378 jam
1501 1277 1646 1381 perdite
1672 1269 1773 1356 adesi

421 1430 451 1479 „
475 1377 582 1474 sent,
608 1374 764 1455 vivendi
790 1372 956 1480 solatia,
986 1371 1028 1453 8(
1053 1374 1247 1489 surgentes
1282 1378 1449 1461 offerunt
1485 1401 1689 1464 munerum
1715 1400 1776 1460 coz

421 1533 451 1580 „
475 1477 599 1581 piam.
627 1477 689 1556 Ad
717 1477 786 1557 hec
813 1474 925 1556 nullo
949 1475 1172 1557 mortalrurn
1198 1475 1398 1580 exigente,
1424 1480 1486 1562 sed
1511 1478 1775 1577 soloDeosut

422 1634 453 1680 ,‚
477 1579 615 1678 credo)
641 1576 894 1760 sugfferentet
921 1574 1046 1675 jurant
1073 1601 1207 1661 omnes
1232 1581 1270 1662 se
1294 1582 1341 1662 de
1367 1608 1434 1664 cor
1486 1576 1775 1670 reuulltmvio·
1869 1593 1872 1604 ·

423 1735 453 1781 „
476 1680 638 1762 lentiam
665 1704 714 1759 vo
732 1678 885 1760 entibus
910 1673 1075 1776 inferre,
1100 1673 1137 1760 se
1159 1706 1232 1785 pro
1256 1685 1355 1784 posse
1381 1684 1427 1764 de
1444 1683 1620 1776 ensuros,
1646 1680 1776 1766 &cor-

425 1835 453 1882 ,‚
480 1807 549 1883 pus
574 1779 702 1864 studi
727 1779 825 1862 illud
851 1779 893 1859 itt
920 1777 1158 1862 Monasterio
1184 1782 1312 1863 Sandi
1324 1784 1482 1887 Georgii
1508 1784 1551 1864 in
1570 1778 1777 1861 Venetiam

424 1938 453 1984 ‚‚
479 1886 568 1970 Deo
593 1903 787 1963 annuente
813 1880 1026 1962 delaturos.
1052 1879 1146 1982 Quo
1172 1881 1270 1964 fatto
1296 1904 1402 1966 tanta
1427 1905 1581 1987 repente
1607 1880 1703 1968 frua
1727 1877 1781 1957 est

425 2040 455 2086 „
479 1983 575 2067 aeris
600 1984 780 2066 serenitas
805 2038 820 2082 ,
852 1984 891 2063 8(
917 1982 1033 2063 maris
1059 2005 1340 2087 uentorumque
1364 1986 1654 2089 tranquillitas,
1678 1978 1782 2082 quod

426 2142 456 2187 „
482 2088 649 2168 humana
674 2083 892 2187 fimplicitas
918 2083 1040 2184 tnagis
1063 2085 1304 2168 ammirando
1329 2088 1526 2189 obstupeat
1547 2140 1562 2183 ,
1586 2108 1702 2188 quam
1726 2078 1784 2159 di·

427 2243 456 2288 „
481 2214 566 2272 cere
593 2187 774 2268 sufficiatL
801 2185 902 2267 Ecce
928 2183 1049 2282 mira,
1075 2211 1164 2267 ecce
1191 2186 1390 2290 stupenda!
1417 2192 1507 2270 Vox
1518 2187 1639 2270 Patris
1659 2186 1706 2264 dc
1726 2206 1785 2263 cc·

428 2344 457 2388 „
481 2291 529 2371 lis
556 2288 734 2372 intonans
755 2286 956 2368 Christum
981 2311 1072 2367 curn
1101 2285 1355 2390 baptizaretur
1377 2287 1455 2371 Dei
1481 2289 1606 2380 filiurn
1633 2288 1705 2367 esse
1730 2302 1786 2362 te·
1811 2349 1816 2358 .

428 2445 458 2490 „
484 2391 679 2473 stificando
705 2391 907 2488 asseverat,
928 2388 970 2468 8(
996 2411 1074 2470 vox
1100 2388 1147 2469 de
1173 2390 1265 2470 celis
1291 2389 1469 2474 insonans
1495 2387 1643 2471 christi
1668 2384 1787 2498 athle-

429 2513 521 2591 „.te
557 2490 754 2582 fortissimi,
773 2490 1016 2572 Prothomart
1048 2488 1100 2600 ris
1134 2515 1271 2593 corpus
1296 2494 1471 2590 revelat.
1509 2489 1685 2574 Christus
1717 2508 1788 2566 mr·

432 2648 460 2694 ,‚
486 2615 591 2697 perat
618 2594 745 2693 mari,
781 2594 820 2676 8(
849 2593 983 2691 tentis}
1005 2515 1054 2686 sil
1080 2591 1266 2672 obediunt
1291 2589 1364 2691 ci,
1399 2590 1672 2695 &tempesias
1710 2611 1786 2668 ma·

386 2789 392 2802 x
432 2749 461 2796 ,‚
484 2696 559 2795 ris,
584 2695 622 2784 8(
647 2717 853 2778 ventorum
879 2694 1027 2774 sedatur
1047 2693 1372 2797 Prothomattyris
1398 2693 1687 2797 suffragantibus
1713 2711 1789 2768 me·

435 2852 463 2897 „
488 2798 606 2896 ritis,
630 2798 668 2878 8(
695 2799 741 2879 de
768 2796 849 2876 vita
874 2795 1091 2879 diffidentes
1127 2796 1206 2876 vite
1232 2791 1400 2899 sospitati
1428 2821 1474 2878 ue
1501 2799 1588 2877 sunt
1614 2786 1790 2903 redditif

436 2899 607 3000 „Fiunt
632 2898 751 3000 igitur
778 2918 892 2978 naute
918 2898 1060 2976 alacres
1086 2896 1132 2992 de
1158 2923 1316 3002 corpore
1339 2899 1412 2982 dec
1451 2920 1533 2980 rato
1558 2894 1627 2977 srbi
1653 2891 1793 2974 divim·

438 3054 467 3102 „
494 3024 578 3099 tus,
601 3000 919 3102 atqueconcesl'o.
944 2997 1233 3103 Cupientcsquc
1242 3024 1332 3102 ergo
1342 2999 1647 3103 omnipotentem
1660 2996 1793 3074 Deum

440 3155 469 3203 ,‚
491 3100 531 3184 8(
557 3100 967 3203 ἰρίυῐηΒεαῑίῐΐιηωω
993 3097 1237 3183 Prothomart
1269 3127 1349 3183 rem
1377 3102 1612 3205 Stephanum
1638 3098 1709 3200 pto'
1735 3111 1796 3174 tot

440 3258 469 3304 „
494 3205 684 3306 tantisque
710 3203 778 3286 fibi
799 3258 814 3301 ,
839 3201 877 3283 8(
905 3203 1054 3285 Veneto
1080 3202 1168 3284 urbi
1193 3129 1347 3297 coiiatis
1369 3204 1592 3286 muneribus
1617 3221 1661 3280 ac
1687 3200 1799 3309 bene·

440 3360 469 3406 „
492 3304 589 3387 ficiis
616 3305 757 3396 mentis
781 3305 845 3387 sue
872 3302 1174 3406 gratitudinem,
1197 3308 1248 3390 ac*
1268 3306 1447 3406 devotam
1474 3303 1598 3388 cordis
1618 3317 1800 3410 promptu

441 3462 469 3508 υ
495 3407 668 3493 tudinem
695 3407 834 3511 apertis
860 3405 1006 3488 inditiis
1032 3407 1246 3510 declarate,
1269 3408 1545 3510 jurejurando,
1570 3430 1613 3486 ac
1639 3401 1803 3490 soltmssl

443 3566 472 3611 „
496 3510 533 3590 se
561 3531 655 3590 voto
681 3511 843 3612 ligantes
869 3509 1054 3616 spondent
1079 3535 1238 3612 omnes,
1259 3512 1366 3613 quod
1378 3511 1609 3611 ubicumque
1635 3498 1804 3612 eiusdem

445 3666 471 3712 ,.
499 3611 823 3714 Prothomartyris
849 3636 985 3712 corpus
1012 3610 1296 3710 collocaretur,
1333 3632 1555 3694 tenerentur
1590 3627 1723 3690 omnes
1748 3598 1802 3715 dt·

448 3768 476 3812 „
502 3713 686 3794 scalciatis
722 3713 777 3794 ite
837 3712 1006 3814 edibus,
1041 3713 1286 3816 scholamque
1315 3713 1432 3796 ibi&
1457 3708 1733 3794 fraternitatem
1760 3724 1804 3779 m

449 3870 477 3918 „
503 3811 582 3895 Dei
607 3817 645 3896 8(
670 3815 782 3920 ipsius
809 3739 997 3896 bonorem
1036 3813 1192 3914 facere,
1230 3815 1459 3920 fingulisque
1496 3813 1607 3896 annis
1643 3809 1685 3889 in
1711 3800 1803 3916 sesto

448 3972 476 4020 ,‚
502 3917 613 4020 hujus
640 3916 878 3999 inventionis
904 3917 941 3998 8(
968 3917 1229 4001 translationis
1253 3921 1423 4023 corporis
1448 3917 1540 4013 sui,
1572 3936 1671 3994 cum¹
1690 3907 1805 4021 luml-
1843 3968 1863 4004 .-

449 4074 477 4120 „
502 4020 618 4102 uariis
644 4019 803 4103 accenfis
830 4019 1036 4123 predinam
1057 4019 1137 4119 ejus
1158 4021 1403 4118 Ecclefiam,
1438 4045 1482 4102 ac
1508 4037 1646 4118 corpus
1671 4004 1807 4089 invtse·

449 4176 479 4221 „
503 4146 578 4219 re,
613 4142 726 4226 atque
752 4123 800 4202 ad
825 4122 986 4203 eandem
1013 4121 1221 4204 Ecclefiam
1258 4124 1487 4208 charitatem
1522 4122 1560 4202 8(
1585 4106 1809 4222 elemosinas

452 4277 480 4323 „
505 4221 658 4304 lacere.
695 4227 939 4328 Quapropter
974 4248 1109 4306 omnes
1145 4225 1372 4330 infrascripti
1397 4224 1467 4328 qui
1492 4223 1534 4304 in
1559 4217 1690 4298 eadem
1718 4232 1811 4289 navt

454 4379 482 4430 u
508 4325 681 4430 fuerant,
708 4329 782 4411 boc
809 4324 862 4410 est
883 4324 1116 4411 Dominicus
1137 4328 1363 4416 basseclellus
1388 4320 1627 4419 nauclerios,
1652 4314 1810 4495 &logio

1655 4442 1719 4520 „n
