3934 5342
457 323 488 405 4
671 294 766 388 'Da
799 302 1074 390 Eccte'trr
1106 302 1456 391 Prtocurrnr

394 501 422 547 „
448 449 570 569 lacere
594 478 711 536 unam
736 455 941 554 scholam,
976 454 1081 560 quod
1116 458 1252 559 polllnt
1277 455 1417 540 diblatn
1453 457 1593 541 scolam
1622 457 1759 543 facere
1791 468 1793 471 ’

397 553 519 649 „sub
547 558 704 657 nornine
730 558 820 639 diui
848 557 975 639 Sanbii
1001 559 1048 639 de
1073 558 1193 661 gratia
1219 561 1395 662 speciali.

441 653 555 768 ,Cum
579 678 709 739 autern
734 658 902 741 Ecclesn
928 687 1007 741 non
1034 663 1167 763 procul
1192 665 1240 742 ab
1269 660 1406 742 Infulis
1417 660 1596 743 Geminis
1622 661 1759 743 erebia

397 752 543 872 lurllet,
568 785 620 841 eo
643 760 720 842 loci
747 759 915 860 scilicet,
941 762 1010 842 ubi
1035 788 1057 841 e
1083 761 1275 869 maritima
1285 762 1441 867 regione
1452 765 1761 860 accedentibus,

397 854 547 971 laprlror
573 860 615 941 in
642 865 776 945 urbenr
803 862 984 944 introitus
1011 883 1151 965 patet,
1174 889 1218 945 ea
1243 864 1332 943 snus
1357 866 1631 946 commoditate
1660 865 1761 945 alle«

398 955 452 1072 ᾧ
479 964 658 1044 nonnulli
686 989 736 1045 ex
760 968 980 1047 Graecorunr
1007 965 1186 1064 natione,
1209 964 1277 1067 qui
1302 964 1536 1066 frequentino
1560 988 1762 1048 commer-

398 1083 452 1137 cu
478 1063 1057 1167 causaVenetiasventitabant,
1083 1068 1146 1149 vel
1173 1088 1315 1148 certam
1342 1067 1385 1147 in
1410 1063 1487 1166 ipsa
1509 1071 1603 1149 urbe
1621 1068 1762 1150 sedem

399 1157 597 1261 fixerant,
634 1166 714 1266 ejus
738 1165 915 1250 Ecclefiae
940 1169 1159 1271 portionem
1184 1167 1343 1250 Divinis
1368 1167 1520 1247 Officiis
1547 1167 1624 1247 ritu
1651 1172 1763 1249 Grae·

399 1285 447 1375 co
473 1266 723 1379 excolendam
747 1269 1073 1373 srbidelegerunt.
1099 1274 1191 1372 Quo
1204 1290 1397 1373 ternpore,
1422 1269 1608 1370 quibusve
1620 1273 1763 1351 condi-

401 1366 574 1448 tronrbus
600 1369 674 1453 hoc
700 1371 830 1461 ablunr
854 1372 925 1471 stt,
948 1374 1167 1475 ignoratur:
1191 1392 1280 1452 ante
1307 1395 1450 1453 annum
1475 1397 1579 1471 1470.
1607 1371 1685 1453 hoc
1714 1373 1767 1453 in

330 1534 337 1549 ,
400 1464 471 1543 usu
496 1464 601 1552 soille
627 1494 731 1574 patet
757 1472 805 1555 e'x
832 1499 903 1555 tns.
919 1474 1069 1556 Codice
1095 1472 1262 1554 nationis
1287 1498 1402 1574 quem
1425 1471 1675 1554 llllarrieulam
1691 1500 1766 1554 vo«

399 1586 489 1648 cant
510 1626 520 1644 .
548 1572 593 1651 ln
621 1599 669 1654 eo
695 1575 968 1656 Decemvirale
987 1575 1197 1657 Decretum
1217 1575 1445 1668 exhibetur,
1469 1598 1546 1673 quo
1572 1598 1648 1654 una
1671 1594 1787 1655 tan‹·

305 1704 316 1713 -
400 1672 602 1785 turnrnodo
627 1674 755 1756 Sandli
781 1675 892 1758 Blasri
916 1678 1084 1760 Ecclefia
1110 1702 1216 1758 more
1239 1680 1377 1758 Graeco
1398 1676 1669 1776 frequentanda
1693 1679 1763 1756 de·

402 1791 595 1851 cernitur.

451 1923 480 1966 ,‚
510 1900 616 1975 ¹470·
643 1904 704 1977 ις.
727 1877 864 1961 Martii
891 1878 932 1961 in
959 1873 1135 1961 Consilio
1156 1874 1203 1957 X.
1233 1876 1348 1959 Vadrr
1373 1903 1455 1982 pars
1481 1877 1582 1979 quod
1603 1875 1768 1958 ordine·
1817 1922 1821 1930 ·

400 2022 429 2066 π
454 1993 540 2072 tut,
567 1976 604 2055 8(
625 1977 837 2095 jubeatur,
862 1982 965 2083 quod
992 1982 1034 2062 in
1060 1978 1234 2064 Ciuitate
1262 1982 1513 2062 Venetiarurn
1541 2004 1622 2059 nou
1646 1978 1764 2079 pollit

356 2152 358 2156 ,
401 2075 638 2191 „celebrari
664 2105 772 2165 nrore
798 2087 933 2165 Graeco
960 2083 1078 2181 alibi,
1103 2107 1218 2187 quarn
1245 2081 1292 2162 in
1309 2079 1479 2164 StBlalro
1499 2098 1647 2161 tanturn
1660 2078 1765 2161 ficut

400 2226 432 2272 „
455 2177 548 2259 altas
573 2201 728 2283 captum
755 2184 828 2264 fuir
854 2185 925 2265 dcc.

438 2278 510 2359 'Ut
536 2302 665 2364 autern
691 2285 743 2366 ad
764 2286 904 2367 Divini
931 2286 1059 2369 cultus
1084 2304 1333 2386 augmentum
1361 2310 1422 2365 reo
1445 2283 1592 2363 servato
1618 2279 1765 2362 ordine

401 2383 656 2488 procederet,
680 2411 783 2469 anno
815 2396 919 2491 1498.
947 2388 1070 2468 Graeci
1091 2443 1105 2483 ,
1130 2387 1200 2486 qui
1225 2386 1403 2487 Veneriis
1426 2387 1612 2488 degentes⁴
1631 2382 1765 2462 natio--

402 2485 468 2565 nic
489 2500 624 2588 corpus
660 2489 945 2587 efformabant,
982 2490 1167 2592 supplices
1195 2484 1456 2570 Decemvirali
1493 2481 1668 2566 Confilio
1706 2484 1757 2564 li·
1827 2514 1830 2525 *

402 2588 528 2668 bellos
550 2591 776 2675 obtulerunt
802 2592 913 2676 enixe
939 2591 1181 2691 flagitantes,
1203 2612 1246 2669 uc
1272 2589 1339 2669 libi
1366 2615 1409 2669 ea
1437 2589 1594 2668 facultas
1619 2610 1760 2666 conce·
1885 2674 1888 2679 v

400 2691 578 2786 deretur,
602 2717 717 2794 quarn
744 2695 958 2790 Dalmatae,
985 2695 1023 2771 8<
1049 2691 1282 2771 Albanensec
1308 2690 1587 2783 obtinuerant,
1615 2708 1762 2789 nempe

401 2812 445 2871 ut
473 2792 586 2871 certis
611 2795 761 2895 legibus
787 2793 1006 2875 sodalitium
1033 2796 1253 2875 Graecorunr
1281 2792 1322 2870 'rn
1342 2792 1511 2889 Ecclesia
1534 2787 1661 2868 Sanni
1673 2789 1763 2868 Bla-

400 2891 446 2972 fit
472 2892 713 2993 erigeretur,
747 2898 849 2997 quod
878 2894 964 2976 Deo
992 2897 1060 2975 sub
1087 2893 1396 2981 inuocatione&
1424 2890 1636 2994 patrocinio
1662 2892 1759 2969 Son·

402 2992 456 3073 ui
482 2994 639 3074 Nicola'r
666 2994 805 3098 Magni
833 2992 1025 3100 Myrenfis
1049 2988 1252 3114 Episcopi,
1278 2996 1462 3074 devotum
1485 2988 1659 3072 Domino
1685 2990 1760 3070 irn-

400 3097 583 3199 pend'eret
610 3095 864 3203 famulatum,
888 3098 961 3180 h'oc
988 3100 1034 3180 ad
1047 3094 1186 3179 Drvini
1214 3096 1382 3177 nominis
1403 3096 1614 3190 honorem,
1640 3116 1760 3192 atque

403 3199 450 3275 ad
476 3196 689 3277 animarum
717 3200 876 3282 salutem
900 3198 1149 3301 profuturum
1173 3220 1278 3280 certa
1303 3201 1364 3301 spe
1391 3197 1654 3281 confidebant.
1682 3196 1760 3274 Ex·

400 3299 506 3400 cepit
531 3298 652 3381 facilis
677 3303 971 3404 supplicantium
1000 3325 1091 3384 vota
1118 3303 1242 3384 Pietas
1269 3300 1448 3396 Publica,
1473 3321 1587 3401 atque
1612 3297 1673 3377 die
1698 3305 1757 3376 a&

401 3400 640 3483 Novembris
665 3408 756 3484 anni
785 3405 991 3487 Meccc11c.
1019 3406 1097 3485 lato
1125 3400 1294 3485 Decreto
1321 3401 1523 3504 permilit,
1558 3421 1600 3479 ut
1628 3399 1760 3481 boali-
1893 3484 1896 3489 ,

404 3505 503 3583 tiutn
532 3502 815 3587 DivoNicolao
842 3508 986 3588 lacrum
1015 3505 1248 3607 erigeretur,
1275 3530 1318 3585 ea
1345 3527 1474 3585 tamen
1502 3502 1613 3604 lege,
1637 3523 1758 3582 utnu
1862 3526 1866 3533 ·

402 3630 553 3687 rnerunr
581 3631 660 3686 cce.
689 3611 928 3707 personarum
957 3628 1038 3691 non
1062 3606 1293 3711 excederet.¹
1417 3706 1421 3712 ,
1669 3693 1682 3718 ὅ

465 3761 492 3801 ,,
517 3716 629 3821 ,1498
670 3713 727 3788 28.
767 3712 976 3890 Nyvenrbr.
1015 3710 1056 3789 in
1093 3705 1270 3789 Confilio
1298 3704 1343 3788 X.
1383 3700 1504 3811 Quod
1538 3696 1765 3787 audlonta'te

403 3860 430 3905 „
457 3804 748 3906 huJusC0nurii
775 3813 795 3891 s
819 3811 996 3913 pradidiis
1015 3809 1622 3912 supplicationibus'concedatur,
1647 3828 1764 3905 quan·

401 3962 429 4006 „
457 3929 541 3992 turn
569 3912 679 4013 supra·
703 3914 771 4015 lup
799 3914 998 4012 licarunt,
1034 3914 1137 4014 quod
1165 3912 1299 4015 poffint
1335 3914 1484 3993 elevare
1512 3931 1627 3989 unam
1655 3906 1762 4019 lebo-

406 4065 433 4108 „
459 4012 536 4092 lam
575 4012 615 4093 in
643 3940 815 4125 Eccleiia
847 4016 882 4094 S.
909 4014 1022 4095 Blasii
1050 4017 1245 4095 Venetiar.
1282 4017 1353 4094 lob
1389 4014 1504 4092 titulo
1542 4012 1762 4090 &nomme

404 4165 433 4210 θ’
458 4118 498 4195 3·
516 4115 709 4211 Nimiast
747 4142 826 4195 non
854 4119 1022 4217 potendo
1049 4119 1231 4198 excedere
1269 4141 1472 4197 numerum
1511 4115 1761 4192 ducentarum

405 4265 434 4310 2,
460 4216 737 4334 quinquaginta
764 4220 1030 4319 personarum.
1635 4234 1640 4243 «

458 4320 520 4400 Ex
548 4345 624 4402 una
660 4338 787 4420 rtaque
825 4340 928 4422 parte
954 4343 1033 4405 ntu
1060 4326 1231 4424 Graeeo,
1265 4344 1313 4403 ex
1349 4319 1466 4400 altera
1504 4308 1761 4405 verolatino

1603 4439 1714 4496 more
