3934 5342
463 309 1267 446 sunrncrsc'rsvmns.
1386 341 1475 464 '39

243 511 562 698 quoniamuero
589 508 629 589 in
658 507 775 614 priori
803 508 862 588 Eu
890 505 966 587 enii
981 509 1049 590 1V.
1076 509 1230 590 decreto
1255 509 1428 593 locorum
1442 511 1537 591 Ter-

193 644 243 702 ra
296 614 411 697 anda
439 612 585 696 mentio
620 612 814 707 habetur,
865 610 1042 690 ciendum
1080 608 1131 689 ess
1158 612 1344 692 nonnulla
1381 612 1535 713 hujusce

192 718 380 800 Coenobii
406 717 520 797 AEdes
546 711 754 814 Hospitium
780 720 904 794 Terre
928 709 1074 791 sanna
1100 715 1346 818 nuncupari,
1372 742 1420 797 eo
1445 716 1535 821 quia

192 822 242 902 iis
265 818 540 920 excipiuntur,
567 837 650 907 tum
676 838 724 898 ex
750 813 1081 910 observantium,
1116 835 1199 895 tum
1226 840 1274 897 ex
1300 818 1537 900 Reformato-

83 1013 96 1028 ,
190 944 277 1005 rum
304 919 477 1000 Familiis
504 921 674 1016 Fratres,
699 917 765 1022 qui
793 940 840 998 ex
866 914 1019 999 diverfis
1044 912 1207 1019 Europa
1228 919 1439 1000 Provinciis
1462 920 1538 1004 huc

192 1023 494 1126 lerosolymam,
519 1021 557 1100 8<
582 1019 656 1100 alia
682 1017 986 1101 sacraPalestinae
1014 1018 1098 1099 loca
1110 1018 1270 1100 invisuri
1282 1019 1540 1104 conveniunt.

190 1124 268 1205 Etsr
294 1125 482 1205 incertum
511 1122 554 1203 srt
581 1142 765 1305 treuguae,
800 1147 878 1224 quo
904 1120 1125 1222 Hospitium
1153 1122 1228 1203 hoc
1255 1122 1434 1205 statutum
1462 1124 1540 1206 fue·

192 1227 268 1323 rit,
294 1247 462 1306 attamen
489 1223 517 1304 st
542 1224 651 1325 conje
692 1249 775 1304 uras
809 1243 959 1325 captare
987 1224 1078 1305 licet
1103 1248 1206 1306 anno
1237 1250 1343 1328 seqq.
1369 1224 1538 1308 oresium

192 1349 375 1424 autumo,
400 1353 478 1427 quo
503 1351 607 1407 anno
635 1326 851 1408 vallisoleti
879 1327 921 1410 in
946 1324 1178 1427 Hispaniis,
1203 1325 1406 1410 Generalia
1433 1329 1536 1410 Sera·

192 1427 296 1532 plaici
324 1418 480 1512 Ordinis
504 1427 681 1507 Cornitia
706 1428 836 1509 consta
862 1426 1041 1525 suetum,
1067 1426 1168 1509 inter
1189 1427 1295 1526 cujus
1317 1428 1452 1509 statuta
1467 1431 1538 1509 Ve·

189 1531 289 1614 neris
301 1529 461 1614 Antonii
474 1531 571 1608 Ram
646 1530 852 1633 etti,rppis
865 1555 965 1610 anno
983 1536 1088 1632 1598.
1100 1529 1201 1610 edita
1213 1586 1225 1630 ‚
1239 1532 1317 1610 hac
1333 1532 1534 1632 leguntur:

248 1688 278 1730 „
300 1633 364 1718 Ad
400 1631 567 1733 colligen
593 1659 633 1712 us
666 1634 864 1713 consuetas
900 1632 1159 1732 eleemosynm
1196 1631 1242 1712 ad
1278 1634 1380 1714 Loca
1408 1634 1538 1716 Terrae

188 1792 216 1836 „
241 1734 384 1816 Santra
409 1735 690 1836 quovismodo
716 1734 987 1835 pertinentes,
1010 1754 1077 1815 aut
1104 1733 1196 1814 alias
1223 1760 1292 1835 pro
1320 1756 1535 1838 temporum

186 1894 214 1938 ‚,
240 1837 387 1918 ratione
414 1836 663 1938 procurandas
701 1861 799 1915 unus
825 1835 888 1916 vel
914 1836 1042 1932 alter,
1078 1856 1143 1914 aut
1171 1834 1440 2017 etiamglures
1468 1860 1538 1937 pro

187 1995 217 2041 „
239 1937 453 2036 diverfirate
478 1937 682 2020 nationum
707 1939 973 2026 Procuratores
1001 1935 1270 2035 instituantur,
1355 1938 1537 2038 deputen-

187 2096 216 2141 „
244 2062 306 2120 tur
330 2041 530 2120 Generalis
554 2040 766 2138 arbitratu,
791 2060 903 2140 prout
925 2038 1001 2141 ipse
1029 2038 1076 2118 de
1089 2041 1243 2120 Parrum
1270 2036 1430 2120 confilio
1457 2064 1534 2119 ma·

185 2197 213 2242 „
240 2142 296 2245 gis
322 2143 521 2244 expedire,
547 2163 662 2246 arque
687 2139 939 2244 opportunius
966 2141 1037 2220 esse
1064 2140 1284 2222 censuerit.
1315 2141 1534 2222 Procurato-

184 2299 213 2344 ‚,
240 2270 297 2325 res
322 2265 451 2326 autem
479 2243 697 2341 hujusmodi
723 2245 771 2324 de
797 2238 967 2325 'colleslis
994 2242 1248 2344 eleemosynis
1284 2241 1534 2345 quibusque,

183 2401 213 2444 „
238 2347 418 2426 Generuli
439 2344 508 2446 ipsr
527 2400 540 2441 ‚
561 2366 626 2425 aut
654 2344 689 2426 ei
716 2369 832 2446 quem
859 2343 936 2447 ipse
962 2344 1009 2424 ad
1035 2344 1076 2423 id
1101 2344 1315 2447 specialiter
1349 2344 1535 2524 deseperit

183 2502 212 2546 „
240 2448 430 2526 rationem
456 2448 609 2526 reddere
637 2467 860 2527 teneantur.
887 2445 1114 2525 Consultius
1141 2467 1271 2526 tamen
1292 2446 1404 2541 esset,
1444 2472 1536 2528 ror·

182 2604 212 2647 ‚,
240 2547 401 2628 dinarios
436 2546 696 2649 eleemosynas
743 2543 934 2648 pradislas
972 2545 1230 2628 Provinciales
1267 2547 1439 2627 Ministri
1476 2573 1536 2628 ea·

183 2705 211 2749 „
238 2674 324 2730 rum
353 2648 675 2746 Provinciarum‚
702 2649 764 2728 vel
790 2649 1050 2749 Regnorum,
1076 2647 1117 2728 in
1142 2649 1285 2749 quibus
1306 2649 1443 2730 dantur
1469 2672 1536 2752 per

183 2807 212 2851 „
238 2751 502 2832 Procuratores
527 2751 721 2832 Locorum
746 2748 987 2851 Apostolicos
1013 2748 1246 2854 exigerent,
1281 2775 1325 2832 ac
1353 2751 1536 2832 Veneriae

183 2907 211 2953 ‚,
239 2849 445 2932 rran'smitri
472 2872 650 2932 curarent
668 2857 687 2949 ‚'
710 2872 753 2932 ut
780 2849 844 2931 vel
870 2849 918 2934 sic
945 2851 1154 2934 multarum
1181 2852 1428 2953 expensarum
1457 2852 1536 2933 evi·

183 3008 212 3053 ‚,
240 2972 382 3033 tutetur
407 2951 572 3033 occasro.
603 2952 777 3033 Venetiis
805 2973 982 3055 praeterea
1008 2952 1209 3034 Generalis
1237 2955 1464 3034 Procurator
1491 2953 1535 3036 fir

183 3109 211 3156 „
237 3053 419 3135 saecularis
446 3080 581 3152 unus,
615 3053 812 3157 Religioni
850 3053 1171 3150 terraneam,
1207 3055 1274 3157 qui
1311 3054 1537 3138 aucloritate

183 3212 210 3256 ‚‚
237 3154 455 3256 Apostolica
481 3158 741 3258 eleemosynas
766 3155 813 3237 ad
840 3151 1016 3258 prudisla
1041 3156 1127 3237 loca
1154 3149 1439 3237 Terraesanela
1459 3157 1537 3260 spe·

183 3314 211 3358 „
235 3256 381 3339 &antes
406 3256 588 3360 recipiat,
611 3259 810 3338 conservet
831 3312 846 3353 ‚
869 3257 1057 3357 expendet
1077 3310 1092 3352 ‚
1115 3257 1155 3336 dr
1180 3257 1256 3338 alia
1282 3260 1437 3359 nogotia
1463 3279 1537 3339 tra·

185 3415 212 3459 ‚‚
238 3359 349 3456 diet,
377 3379 489 3461 prout
515 3357 584 3438 fibi
611 3385 678 3462 per
705 3361 994 3439 Procuratorem
1021 3359 1228 3456 Fratrem,
1253 3358 1319 3459 qui
1346 3385 1414 3463 pro
1442 3379 1535 3440 tem-

182 3513 211 3562 „
237 3487 327 3564 pore
341 3460 521 3546 Veneriis·
540 3460 893 3564 deputatussuerit‚
920 3459 1192 3556 necesarium,
1218 3481 1255 3540 at
1285 3484 1331 3539 ue
1354 3482 1533 3564 opportu-

181 3617 214 3662 „
237 3590 330 3643 num
356 3565 428 3646 esse
454 3561 722 3646 intellexerit.
760 3563 932 3664 Uterque
957 3569 1090 3642 autom
1110 3485 1316 3643 'Generalis
1342 3562 1454 3667 ipsius
1480 3588 1534 3644 at-

181 3719 210 3764 „
236 3666 352 3747 bitrio
378 3667 591 3768 deligatur,
615 3666 654 3746 dr
678 3665 740 3761 ei,
765 3665 829 3745 uel
855 3664 922 3745 cui
946 3664 1161 3766 specialiter
1179 3663 1261 3767 ipse
1276 3664 1534 3768 commiserit,

182 3819 210 3865 ‚‚
236 3768 383 3886 accepti
410 3770 448 3849 ἃ
473 3765 624 3872 expensi
660 3768 886 3868 rationem,
917 3767 1073 3872 qrsotier
1094 3791 1191 3871 opus
1216 3767 1289 3850 esse
1314 3767 1417 3851 idem
1443 3792 1532 3851 ceu·

183 3922 211 3967 „
238 3869 354 3954 suern
378 3871 534 3956 reddere
560 3891 785 3956 muranum.
1507 3901 1514 3917 ⁴
