3934 5342
429 374 468 462 S.
501 376 675 462 Luctn
708 372 975 459 Vtaotms
1008 370 1048 458 8(
1081 373 1261 465 Matr.
1386 398 1478 486 339.
1521 344 1524 351 ²

194 523 347 609 lletiunr
375 525 442 605 snb
470 524 638 626 Virginis
664 528 713 606 ab
740 524 889 628 Angelo
915 520 1159 605 Annuntiatae
1186 524 1324 620 titulo,
1347 523 1386 604 8(
1413 545 1531 625 patto·

195 627 302 705 cinio
328 628 569 706 aedificarent.
596 628 659 707 Ne
686 627 802 727 igitur
828 625 906 727 post
933 626 1219 719 voluntarium,
1244 625 1344 726 quod
1371 626 1532 726 persece·

196 748 306 821 tant,
332 727 516 806 libertatis
542 724 799 823 sacrificium,
832 725 996 826 amplius
1030 750 1096 825 per
1121 727 1236 805 Urbis
1261 725 1445 823 Ecclesiae
1471 747 1534 802 va·

193 826 275 924 gari
302 850 550 925 cogerentur,
574 829 792 908 assentiente
818 827 968 928 publica
994 824 1256 923 authoritate,
1282 847 1394 927 atque
1419 822 1533 906 lacul-

194 946 312 1003 tarem
349 928 556 1027 elargiente
602 924 753 1013 Andrea
788 927 1045 1008 Bondunrerio
1081 920 1242 1028 piiffino
1281 926 1531 1005 Venetiarum

195 1023 436 1122 Patriarcha,
462 1056 508 1107 an
538 1027 657 1108 uliurn
669 1029 883 1124 Sacellum,
906 1028 1031 1207 iim
1043 1026 1192 1109 codices
1204 1027 1535 1107 MonasletiiCor·

192 1125 297 1223 poris
323 1129 484 1207 Domini
510 1054 619 1208 imo
643 1130 885 1230 Archangelo
914 1163 925 1206 r
962 1128 1101 1210 ichaeli
1135 1129 1316 1222 sacrum,
1351 1122 1412 1206 sed
1448 1125 1535 1205 scri·

193 1245 315 1324 ptura
341 1226 575 1308 Monialium
603 1231 639 1307 S.
666 1229 791 1309 Luciae
817 1230 1011 1325 asserunt,
1043 1229 1090 1345 8(
1108 1226 1182 1309 hoc
1206 1226 1440 1344 probabilius
1468 1226 1536 1306 Di·

194 1347 254 1402 vae
284 1327 416 1405 Maria
444 1329 689 1409 Annuntiatae
716 1330 820 1409 fuisse
845 1330 1011 1409 dicatum
1038 1328 1052 1425 )
1079 1348 1178 1407 rntra
1204 1330 1366 1429 ipsarum
1393 1328 1533 1407 adium

190 1425 386 1505 ambitum
413 1448 635 1525 erexerunt,
661 1428 806 1532 inquo
832 1426 979 1509 Divina
1006 1426 1216 1529 myteria,
1239 1424 1277 1509 8(
1301 1427 1428 1507 audite
1456 1428 1535 1528 pos·

187 1521 312 1620 sent,
347 1526 383 1605 8(
409 1531 632 1632 percipere,
665 1554 829 1632 cumque
853 1527 899 1609 ad
925 1552 969 1608 ea
995 1552 1114 1630 usque
1139 1548 1309 1646 tempora
1335 1526 1537 1608 communi

188 1640 345 1703 tantum
381 1626 535 1728 officio,
560 1657 603 1712 ac
631 1631 768 1732 pietate
795 1651 861 1732 pto
886 1630 941 1709 sui
968 1630 1126 1710 arbitrio
1151 1630 1359 1725 tixtss‘ent,
1394 1628 1537 1730 placuit

102 1746 106 1753 ’
185 1726 397 1839 omnibus,
424 1755 538 1810 unam
565 1755 612 1812 ex
639 1732 799 1832 ipsarum
827 1751 987 1813 numero
998 1755 1146 1810 morum
1160 1733 1371 1833 probitate,
1396 1755 1438 1809 ac
1452 1753 1537 1829 pru·

186 1824 326 1901 dentra
352 1825 551 1927 speslatant
579 1833 620 1911 in
635 1832 847 1913 Preleelam
874 1830 940 1913 fibi
953 1831 1143 1932 deligere,
1168 1826 1535 1930 cujusnutucateroe

189 1945 434 2037 tegerentur.
463 1930 551 2009 Fuit
578 1931 807 2034 haecJacoba
819 1932 1068 2028 Veronenfis,
1091 1954 1174 2034 qtrae
1200 1932 1239 2011 id
1251 1930 1535 2009 munerisbien-

189 2044 262 2099 nto
287 2024 583 2129 administrarit,
608 2058 709 2112 anno
733 2036 836 2113 enirn
865 2035 1100 2113 Mcccctxt.
1125 2033 1187 2109 die
1214 2052 1292 2108 xtx.
1321 2031 1462 2131 Aprilis
1478 2031 1536 2105 su·

184 2122 853 2238 pralaudatusAndteasPotriareha,
878 2130 1067 2232 proinlita
1093 2133 1211 2211 animi
1240 2132 1451 2229 religione,
1476 2130 1532 2206 ln-

187 2244 279 2298 cutrr
307 2250 349 2302 tn
376 2228 601 2311 Monasletii
627 2233 787 2314 sotrnatn
825 2236 993 2332 redigere
1021 2233 1286 2311 vehementius
1312 2247 1534 2331 exoptans,

186 2316 336 2400 Utstanr
364 2327 409 2405 de
435 2332 587 2409 Andtea
607 2386 628 2428 ,
659 2332 871 2434 Philippam
897 2336 1037 2435 Coppo
1057 2384 1072 2429 ‚
1096 2335 1132 2412 8(
1158 2331 1328 2411 Gratiam
1356 2328 1456 2409 Celsi
1484 2349 1534 2405 ex

185 2416 426 2533 Monaslerio
451 2430 486 2508 S.
515 2432 721 2529 Danielis,
755 2435 856 2532 quod
881 2459 929 2513 eo
955 2453 1124 2532 tempore
1151 2452 1399 2532 magnacum
1426 2427 1535 2506 disci·

186 2519 303 2633 plina
330 2524 439 2605 laude
465 2528 655 2631 florebat,
680 2534 844 2627 eduxit,
869 2554 1006 2633 easque
1030 2535 1076 2610 ad
1105 2532 1379 2611 Monalleriunt·
1410 2527 1534 2628 Virgi-

186 2642 248 2696 ms
275 2626 527 2712 Annunciatae
552 2633 566 2728 (
592 2634 677 2735 ipsas
701 2625 774 2712 loci
798 2626 987 2736 Religiofis
1013 2633 1311 2734 expetentibus)
1338 2623 1459 2723 misit,
1486 2648 1530 2706 ut

185 2716 486 2841 tirannum
524 2732 564 2810 in
602 2735 761 2850 primam
801 2733 983 2814 asceterii
1011 2734 1242 2814 Abbatissam
1281 2731 1534 2833 instituerat,

175 2827 396 2922 „exempltm
421 2828 753 2914 &hortationibus
781 2835 998 2914 voluntates
1023 2860 1152 2913 earum
1179 2832 1455 2934 dirigerentur,
1479 2847 1532 2907 at·

182 2940 261 3117 ‘eug
283 2923 328 3117 )in
356 2928 503 3012 Divino
527 2935 636 3014 cultu
664 2988 679 3033 ,
711 2935 750 3014 8(
776 2938 913 3037 regule
949 2932 1188 3017 observantia
1226 2934 1494 3013 instruerentur
1519 2978 1531 3005 a
1559 2950 1563 2953 ·

203 3121 345 3238 ,ὓῐῆα
371 3125 522 3230 itaque,
547 3156 629 3233 quae
655 3156 744 3214 cunr
773 3128 922 3235 ingenti
947 3129 1123 3215 omniunt
1150 3126 1357 3226 consensu,
1381 3124 1418 3209 8(
1440 3129 1532 3211 laeti·

183 3241 264 3337 tra,
289 3246 332 3302 ut
356 3224 460 3307 decet
470 3240 659 3331 Matrem,
684 3256 832 3335 recepta
844 3235 989 3331 suerat,
1014 3237 1194 3314 Sororum
1223 3232 1461 3336 proselliones
1488 3230 1530 3307 iu

183 3322 468 3439 sutsnmanibus
490 3331 600 3413 saclas
626 3338 800 3437 excepit,
827 3360 944 3431 mox,
969 3357 1011 3415 ut
1039 3336 1188 3414 summo
1212 3356 1364 3434 quoque
1393 3331 1530 3408 Mona·

182 3418 289 3541 liertt
314 3429 442 3509 decori
470 3436 706 3533 consuleret,
732 3434 937 3517 Ecclesiam
966 3428 1532 3532 ostbusSansiirnonialiumde-

183 3547 398 3609 centrnrenr
427 3536 590 3715 pariter‘,
614 3537 653 3614 8(
676 3535 990 3641 opportuniorem
1004 3530 1394 3636 adificaredisposuit.
1422 3530 1530 3610 Dum

181 3648 280 3705 vero
305 3632 458 3746 adhaec
484 3658 557 3716 con
573 3639 641 3716 ilia
665 3640 917 3740 exequenda,
944 3634 1168 3739 apostolice
1193 3627 1531 3738 Sedis-authorita-

182 3744 267 3842 tem
293 3728 359 3809 srbr
388 3731 615 3837 implorasset
639 3791 653 3835 ,
676 3740 815 3819 acriter
839 3758 885 3818 ex
912 3740 1067 3820 adverso
1093 3736 1406 3818 Sanslimnniales
1432 3734 1531 3810 Cor·

177 3848 289 4005 gotes
315 3830 476 3945 Domini
503 3839 778 3935 reclamarunt,
803 3861 850 3920 ex
877 3862 953 3920 tarn
983 3832 1427 3941 propinquall'lonasierii
1455 3856 1531 3909 ere·

221 3952 313 4009 rone
337 3956 440 4033 tura,
463 3936 502 4017 8(
529 3938 1178 4041 privilegiaOrdiniPraedicatorunt
1205 3936 1353 4015 indulta
1379 3954 1531 4032 magno·

180 4054 274 4131 pere
300 4033 383 4116 lodi
409 4037 680 4120 criminantes·
1442 4083 1449 4097 ·

233 4136 370 4216 Causae
404 4139 665 4238 cognitionem
691 4141 708 4241 s
733 4136 789 4221 uti
828 4138 996 4223 diximus
1031 4137 1169 4238 Operis
1207 4136 1319 4237 hujus
1355 4132 1471 4212 Tonr.
1498 4130 1529 4209 l.

182 4260 269 4350 pag·
296 4240 416 4340 123.)
443 4236 592 4323 Piusll
621 4241 820 4336 Pontifex,
844 4241 910 4342 qui
938 4239 1262 4341 supplicationes,
1298 4234 1533 4336 &querelas

182 4358 383 4442 utiturque
408 4341 632 4426 Monalletii
658 4360 878 4447 exceperat,
907 4344 1086 4519 M⁸⁹ir¹ae⁰
1109 4341 1336 4422 Contareno
1359 4334 1534 4512 Vffii*

1042 4467 1069 4521 u
1120 4466 1142 4518 2
