3934 5342
518 396 603 474 116
757 390 1489 474 DnMoisnsrsnio

447 591 476 638 „
500 535 672 638 suffragia
683 536 866 637 flagitaret
894 561 957 637 pes
982 536 1106 618 aridus
1131 536 1398 619 &contradus
1424 538 1464 618 in
1487 558 1660 622 naturam
1681 541 1794 626 suam.
1829 557 1832 562 ⁴

444 689 473 737 „
497 639 688 736 redditur,
714 639 751 718 8(
775 638 992 718 extenditur
1018 693 1031 736 ,
1067 638 1104 717 &
1130 639 1329 724 brachium
1354 665 1378 720 a
1401 641 1510 722 dorso
1540 640 1746 742 sejungitur
1771 697 1793 742 ,

445 792 474 836 „
499 738 536 817 8(
560 763 670 818 carne
696 740 930 842 conquassata
956 739 1196 840 &sanguine
1224 761 1321 820 terta
1348 740 1560 836 rubesadia,
1584 767 1606 823 a
1632 744 1795 828 rennui.

446 885 475 936 ,5
499 840 681 928 evellitur
705 840 742 919 8(
768 841 809 920 in
845 841 973 921 locum
1001 840 1194 1020 prolprium
1231 839 1461 939 reducitur,
1496 841 1619 944 licque
1643 839 1796 924 condis

444 989 473 1037 „
498 940 804 1037 admirantibus,
839 941 1036 1042 dignisque
1079 942 1217 1020 audum
1245 941 1401 1042 hymnis
1427 963 1540 1043 atque
1573 944 1793 1042 melodiis,

452 1094 480 1138 „
505 1040 597 1120 hinc
623 1042 711 1121 inde
737 1040 1038 1140 resonantibus,
1075 1041 1218 1144 perdite
1245 1042 1282 1120 8(
1307 1043 1368 1121 dis
1387 1063 1488 1122 etate
1514 1044 1663 1122 sanitati
1689 1043 1790 1124 testi·

444 1195 474 1240 „
499 1141 640 1222 initur.
668 1144 820 1223 Devote
847 1142 973 1243 itaque
999 1141 1142 1224 sonoris
1169 1142 1327 1224 vocibus
1354 1069 1643 1258 irmhomanyr
1667 1145 1790 1226 eiitol·

449 1299 477 1341 „
502 1242 619 1339 litut,
645 1243 751 1323 Deus
778 1243 1037 1342 benedicitur,
1062 1269 1083 1322 a
1108 1268 1185 1343 quo
1211 1245 1482 1328 omnebonum
1501 1243 1704 1339 tribuitur,
1730 1269 1794 1324 cu·

447 1398 476 1441 „
499 1342 725 1522 {iuhnonieo
749 1344 801 1426 eli
827 1367 873 1424 ex
899 1344 974 1426 hoc
1000 1348 1037 1427 &
1064 1370 1190 1443 nunc,
1216 1345 1253 1425 8(
1280 1367 1397 1446 usque
1421 1344 1463 1426 iti
1484 1345 1655 1428 seculum
1680 1348 1794 1428 bene·

448 1499 479 1542 5,
530 1469 540 1520 l
583 1468 668 1523 um·
1660 1485 1666 1492 ⁴
1703 1493 1745 1526 ῆι

463 1593 468 1602 -
497 1597 524 1640 „
552 1547 739 1642 Interea,
767 1545 811 1634 8(
837 1546 911 1627 hoc
936 1547 1075 1630 devote
1111 1544 1407 1642 interserimus,
1443 1545 1635 1649 loquendo
1660 1565 1792 1628 merite

446 1695 474 1740 „
499 1644 750 1741 tabescimus,
774 1647 933 1728 scribere
960 1650 1197 1752 summopere
1224 1674 1295 1750 pro
1319 1646 1464 1728 viribus
1490 1647 1675 1744 nitimur,
1703 1646 1789 1728 scri.-

447 1796 476 1840 „
500 1746 625 1825 hendo
651 1747 826 1826 admirari
855 1775 931 1828 non
958 1750 1187 1831 sufficimus.
1213 1748 1494 1848 Attamenquia
1519 1747 1791 1851 precibusSan-

445 1898 477 1940 „
499 1844 649 1925 diissimi
677 1847 1000 1951 Prothomattyris
1026 1850 1244 1952 suppliciter
1269 1848 1535 1944 intendimus,
1570 1849 1607 1926 8(
1633 1848 1722 1947 quia
1748 1849 1797 1926 in

444 1946 730 2040 „audientium
758 1949 963 2030 devotione
991 1951 1237 2038 vehementer
1269 1949 1522 2047 confidimus,
1545 1947 1697 2048 aggredi
1730 1972 1792 2027 ce·

445 2097 482 2140 „‚
501 2067 607 2146 ptum
643 2073 739 2147 opus
763 2069 999 2151 nequaquam
1033 2051 1282 2147 diffidimus,
1316 2050 1354 2128 8(
1381 2048 1453 2130 hoc
1489 2048 1716 2154 miraculum
1742 2049 1797 2126 ad

445 2197 474 2241 „
498 2147 648 2232 laudem
675 2148 801 2228 Sandii
827 2150 1010 2251 Stephani
1048 2152 1161 2254 primi
1190 2151 1357 2232 Athleta
1383 2149 1529 2229 Chrilli
1555 2146 1750 2230 referimus
1775 2193 1829 2246 ,s

444 2298 472 2341 „
497 2247 535 2326 8(
560 2248 605 2325 ad
633 2249 857 2330 memoriam
884 2250 1035 2352 polletis
1064 2247 1203 2331 humili
1231 2251 1314 2330 stilo
1343 2251 1544 2330 tradimus.
1573 2248 1660 2330 Fuit
1688 2271 1799 2332 nanta

320 2411 324 2418 .
443 2398 473 2443 „
497 2370 570 2447 qne
607 2350 747 2428 mulier
770 2352 932 2452 quedam
969 2353 1125 2434 natione
1162 2351 1355 2433 teutonica
1392 2353 1445 2428 ab
1477 2349 1554 2449 ipsa
1590 2348 1790 2428 nativitate

323 2593 326 2598 ,
443 2548 704 2663 „juvenilem
731 2574 871 2633 etatem
899 2554 1051 2655 plenam
1071 2553 1282 2650 surditatis,

446 2500 475 2543 „
499 2450 562 2528 sua
588 2451 734 2548 prorsus
759 2477 883 2550 ceca,
907 2453 1037 2550 surda,
1062 2455 1100 2534 8(
1128 2475 1265 2533 muta.
1292 2456 1381 2630 {ue
1409 2476 1504 2567 cuni·
1526 2449 1575 2546 sit:¹
1599 2475 1717 2549 usque
1742 2449 1794 2530 ad

1356 2572 1551 2666 cecitatis,
1575 2572 1687 2646 atque
1708 2572 1800 2663 ⁰311:
1953 2629 1954 2664 Ν

441 2700 471 2745 ,,
497 2650 653 2730 ticitatis
679 2652 838 2734 miseriis
873 2654 1123 2750 afficeretur,
1161 2656 1197 2736 8(
1224 2677 1311 2732 cuni
1339 2675 1472 2734 morte¹
1489 2651 1556 2731 sibi
1593 2649 1707 2732 affore
1730 2673 1792 2762 pn·

442 2803 471 2846 2,
496 2753 675 2834 cessanter
698 2755 864 2855 optando
901 2755 1213 2856 imprecaretur,
1249 2753 1388 2832 lluduit
1415 2779 1501 2832 eam
1525 2753 1610 2830 suus
1638 2773 1791 2852 pierius

443 2902 472 2947 „
495 2852 534 2930 8(
560 2850 711 2949 bajulus
733 2851 886 2935 tandem
912 2858 959 2934 ad
984 2855 1163 2937 Sandum
1190 2854 1431 2947 Leonatduin
1468 2852 1654 2933 trahendo
1679 2851 1789 2929 duce·

443 3002 474 3046 „
496 2975 560 3046 re,
586 2953 734 3042 auditui
760 2955 797 3034 8(
823 2956 1029 3056 loquelle,
1064 2977 1176 3059 atque
1204 2955 1300 3034 visui
1326 2955 1406 3053 ejus
1431 2954 1655 3032 interventu
1680 2951 1789 3028 illam

441 3104 471 3148 „
497 3050 639 3132 rellitui
667 3057 918 3154 proculdubio
943 3058 1156 3138 confidens.
1183 3052 1340 3136 Sanetus
1364 3055 1509 3134 etenim
1538 3055 1603 3133 ille
1629 3049 1791 3131 Confes-

337 3233 341 3242 ,
442 3206 470 3249 ,,
497 3152 555 3234 sor
581 3155 728 3234 metitis
763 3156 981 3259 presiilgidis
1008 3158 1149 3259 ubique
1177 3177 1360 3238 terrarum
1397 3155 1493 3235 nitet
1521 3152 1683 3232 oraculis
1705 3175 1789 3266 om·

441 3305 470 3349 „
497 3254 606 3335 nium
633 3255 710 3337 lete
737 3257 1046 3356 infirmitatum,
1080 3257 1217 3341 affidue
1302 3282 1435 3338 reum
1469 3253 1814 3368 crebrescentibus*

441 3407 469 3451 „
494 3354 709 3440 miraculis.
735 3359 841 3440 Cum
867 3360 997 3463 itaque
1021 3361 1127 3441 illius
1152 3361 1243 3442 Con
1281 3358 1385 3439 ssoris
1410 3358 1542 3438 limina
1569 3356 1708 3470 mulier
1733 3369 1793 3467 ¹¹3³

441 3508 468 3549 „
496 3457 636 3552 travit,
662 3480 705 3538 ut
732 3461 946 3563 traheretur.
969 3485 1057 3552 ante
1086 3462 1185 3542 beati
1215 3460 1288 3539 viri
1317 3461 1510 3538 tumulum
1532 3456 1680 3535 indiciis
1705 3476 1792 3552 qui·

443 3609 470 3650 „
497 3559 568 3636 hus
592 3579 739 3656 poterat
764 3562 833 3650 suo
860 3564 996 3661 previo
1018 3562 1164 3644 dudiori
1192 3560 1373 3640 indicavit
1401 3617 1410 3637 .
1447 3561 1542 3659 Quo
1566 3555 1633 3636 ubi
1659 3578 1803 3667 pervcn

441 3655 553 3752 „·nit
581 3658 753 3757 protinus
788 3663 825 3739 se
851 3662 892 3743 in
920 3667 1183 3766 pavimentum
1210 3660 1640 3762 projecit,·paviinento
1660 3655 1696 3733 se
1722 3653 1792 3731 diu

441 3809 470 3852 „
497 3758 708 3839 volutando
734 3761 875 3841 adhesit
901 3818 925 3861 ,‚
950 3766 988 3844 8(
1014 3786 1058 3848 ut
1084 3785 1178 3844 nutu
1205 3763 1287 3843 solo
1312 3760 1413 3842 credi
1453 3761 1612 3859 potuit,
1648 3756 1685 3836 8(
1712 3776 1793 3867 non

441 3873 474 3955 ii
497 3881 592 3940 voce
618 3861 739 3941 auditi
767 3865 829 3943 vel
856 3861 1056 3967 intelligi,
1083 3867 1185 3968 quod
1211 3862 1360 3943 sanitati
1388 3862 1540 3942 daretur
1569 3859 1644 3938 suis
1670 3879 1796 3974 mugi·

440 4010 468 4055 „
495 3959 598 4044 tibus
624 3962 886 4046 consessorem
912 3965 1101 4068 expetiit.
1128 3967 1246 4145 Ωἰιὲοά
1273 3989 1363 4044 cuni
1390 3960 1596 4040 diutillime
1620 3954 1794 4038 adnatet

440 4111 469 4153 „
494 4064 647 4143 tandem
677 4065 905 4148 beatissimus
930 4066 1129 4148 Conselsor
1210 4067 1373 4146 nitardus
1399 4063 1435 4142 ei
1462 4062 1652 4173 auditus,
1677 4058 1714 4137 8(
1741 4058 1794 4172 lo·

439 4210 468 4255 „
492 4163 646 4261 quelle,
670 4188 862 4269 utcunque
889 4168 1055 4251 contulit
1083 4167 1282 4249 sanitatem
1309 4222 1319 4242 .
1357 4164 1550 4277 Audiebat
1573 4183 1703 4275 culmi
1721 4155 1793 4272 ‚led

439 4311 468 4355 „
495 4288 625 4360 partini
652 4267 904 4367 loquebatur,
930 4266 1072 4350 sedita
1100 4266 1352 4349 balbutiendo
1410 4266 1485 4345 uod
1513 4284 1577 4340 viii
1605 4258 1793 4358 intellige·

440 4412 469 4458 ir
495 4366 625 4449 batur.
652 4370 765 4476 Unde
791 4371 932 4460 mulier
959 4368 1052 4468 illa,
1079 4391 1121 4458 ut
1148 4368 1233 4471 pius
1259 4363 1387 4450 Conse
1415 4390 1484 4463 or,
1509 4360 1792 4562 qmdjetiliiimt
