3934 5342
463 338 675 432 Seuer-1
706 348 947 437 Gnortcrt
979 350 1248 446 Mstorrs·
1381 372 1464 460 133

184 491 244 592 ius
269 489 554 574 venerationem
580 493 642 576 <lie
663 516 752 576 sur.
780 491 1007 588 Decembris
1036 515 1125 573 cum
1151 493 1442 580 innumerabilis
1465 520 1529 575 sn·

188 593 337 673 nuatim
365 593 533 675 ssflueret
559 598 689 699 populi
719 592 962 690 multitudo,
999 591 1090 674 hinc
1121 591 1529 696 frequentesorieban·

188 713 252 773 tur
288 718 334 776 ex
371 696 397 772 h
427 696 541 775 ernali
577 698 741 801 procella
775 695 1001 797 cymbarum
1035 694 1314 798 hominumque
1359 697 1525 778 submer-

188 792 340 874 siones.
418 822 464 876 oc
491 800 675 903 praecipue
696 797 846 879 accidit
879 819 1119 908 annonra7p.
1152 797 1270 877 flante
1306 796 1411 877 enim
1439 798 1530 878 nali·

194 894 343 973 diffimo
379 918 500 977 vento
535 898 669 1001 ingens
693 899 857 980 Civium
884 896 1128 993 multrtudo,
1165 921 1248 998 quae
1275 898 1321 975 ad
1346 898 1533 978 solemnia

192 997 388 1075 accellerat
416 998 611 1102 naufragio
638 1002 770 1083 misere
792 995 924 1100 periit.
951 998 1008 1075 Ea
1019 995 1170 1100 itaque,
1196 1018 1238 1076 ut
1250 996 1417 1097 pericula
1426 1023 1532 1077 aver·

191 1115 289 1175 teret
304 1096 459 1179 Publica
487 1102 723 1201 providentia
748 1103 784 1180 S.
808 1101 857 1180 C
884 1096 1076 1193 decrerit,
1104 1117 1145 1178 ut
1173 1100 1431 1179 venerandum
1444 1100 1533 1179 San·

190 1194 259 1276 &a
286 1197 412 1276 Lucia
437 1226 572 1301 corpus
597 1209 645 1284 ab
673 1202 784 1302 huius
812 1194 1033 1282 Monallerii
1064 1199 1253 1298 Templo,
1279 1200 1325 1277 ad
1353 1200 1535 1279 Paroecia·

193 1297 272 1377 lem
299 1297 538 1398 Ecclesiam,
573 1329 655 1404 quae
682 1302 848 1403 eiusdem
876 1300 990 1380 Divae
1017 1297 1133 1380 ritulo
1161 1300 1334 1380 Veneriis
1360 1299 1534 1402 insignie-

196 1398 330 1494 batur,
355 1399 516 1480 solemni
543 1403 818 1506 supplicatione
843 1403 1125 1503 deportaretur.
1153 1395 1346 1480 Asla‘suit
1371 1404 1535 1481 celeber·

195 1498 294 1578 rima
321 1499 542 1583 Translatio
570 1506 745 1606 Principe
771 1507 808 1584 ἃ
829 1505 970 1586 Senatu
991 1502 1289 1598 connitentibus,
1314 1523 1428 1602 atque
1455 1500 1536 1580 uni-

195 1600 301 1677 versa
336 1603 429 1681 urbe
455 1604 657 1702 plaudente
693 1605 924 1706 insequentis
960 1601 1050 1684 anni
1078 1603 1294 1682 Mccstrxx.
1330 1604 1393 1681 die
1419 1623 1535 1679 xvrrr.

197 1698 341 1777 Menns
366 1702 566 1800 Januarii.
603 1705 768 1802 Huiusce
796 1703 1045 1784 solemnitatis
1071 1727 1248 1804 pompam
1272 1755 1289 1799 ,
1310 1703 1401 1782 dunt
1429 1705 1536 1782 latus

198 1800 388 1900 exciperet
418 1804 665 1884 Venetiarum
694 1807 888 1907 populus,
916 1805 1072 1884 Marcus
1095 1808 1222 1888 Abbas
1243 1825 1406 1898 tamen,
1443 1804 1536 1901 ejus·

196 1924 269 2000 que
298 1901 487 1983 Monachi
514 1931 719 1988 commune
756 1906 936 2009 gaudium
974 1904 1155 2006 lacrymis
1186 1905 1538 2006 prosequebantur,

196 2001 366 2080 ablatum
393 2001 460 2083 srbi
487 2005 704 2088 thesaurum
726 2029 956 2107 gementes,
980 2031 1095 2107 quern
1115 2030 1184 2106 pet
1203 2003 1399 2118 osioginta
1418 2004 1537 2083 ferme

196 2126 316 2181 annos
336 2104 586 2204 possederant.
614 2110 782 2211 Ipsorum
806 2109 992 2207 lacrymas
1014 2104 1181 2187 mirabili
1204 2105 1378 2209 prodigio
1399 2105 1538 2184 solatus

196 2201 250 2279 est
272 2204 412 2300 Deus,
447 2206 626 2308 fiquidem
659 2208 783 2292 oranti
815 2207 995 2304 Abbati,
1029 2205 1316 2309 &lacrymanti
1345 2206 1540 2286 dexteram

199 2303 315 2381 Beata
342 2305 463 2405 Virgo
483 2335 505 2386 e
526 2309 663 2391 feretro
686 2311 886 2413 porrexit,
922 2307 1115 2411 ipsamque
1146 2333 1236 2389 cum
1258 2305 1417 2387 brachio
1439 2307 1540 2386 intes

196 2401 317 2518 ipsius·
331 2431 464 2484 manus
484 2410 624 2491 dimisit
644 2465 659 2507 ,
691 2412 793 2512 quod
815 2411 951 2490 deinde
971 2433 1150 2526 argentea
1172 2408 1283 2491 theca
1308 2408 1497 2488 inclusum
1524 2458 1539 2502 ,

197 2504 322 2617 veluti
344 2505 528 2606 fingulare
551 2511 702 2591 Divina
726 2509 971 2612 proteslionis
994 2534 1131 2611 pignus
1152 2532 1257 2588 exeo
1270 2530 1541 2609 temporeprae·

197 2627 309 2780 sigua
337 2609 582 2690 veneratione
601 2612 642 2690 in
663 2611 774 2712 ipsius
786 2613 898 2691 Divae
920 2609 1113 2692 solemniis
1131 2610 1177 2688 ad
1199 2608 1278 2706 ejus
1299 2633 1402 2687 aram
1424 2607 1541 2685 hono·

196 2702 230 2781 ri
260 2729 302 2782 ce
328 2709 550 2805 exponitur.
579 2712 807 2792 Particulam
830 2735 878 2790 etr
897 2709 1068 2791 inferiori
1091 2709 1255 2808 eiusdem
1278 2705 1371 2789 sacri
1392 2706 1541 2806 brachii

197 2825 304 2918 parte
329 2805 467 2885 auferri
497 2809 594 2906 jussit
614 2814 771 2894 Senarus
794 2814 1000 2909 Venetus,
1025 2831 1068 2891 ut
1089 2808 1283 2891 Benedisii
1307 2811 1412 2909 Papae
1433 2803 1539 2887 XlV.

197 2905 315 3004 rpsam
337 2909 573 3008 exposcentis
599 2912 798 2994 devotioni
821 2912 927 2991 fieret
950 2911 1058 2992 satis.
1662 2993 1665 3004 ,

247 3006 394 3085 Eodem
422 3008 539 3090 serme
567 3034 760 3114 tempore,
784 3040 860 3117 quo
888 3012 1078 3093 Henricus
1105 3013 1198 3092 Dux
1223 3012 1427 3093 obtentum
1454 3010 1543 3089 San·

199 3102 269 3183 uae
295 3106 421 3187 Lucia
447 3136 616 3212 corpus,
642 3115 808 3216 aliasque
835 3116 950 3194 sacras
977 3112 1174 3212 Reliquias
1201 3111 1382 3191 Venetiae
1407 3109 1545 3222 deferri

197 3205 343 3316 jusserat
364 3261 378 3304 ,
403 3204 527 3289 clerus
553 3208 761 3295 Catholicae
786 3220 1000 3295 Venetorum
1025 3212 1359 3312 Constantinopoli
1385 3217 1542 3288 Canoni-

197 3332 254 3385 cos
280 3333 321 3384 m
345 3304 507 3410 Ecclefia
532 3322 570 3390 S.
591 3313 731 3413 Sophia
749 3312 947 3415 prefecit,
978 3310 1044 3413 qui
1067 3312 1253 3394 Thomam
1279 3319 1545 3390 maurocenum

198 3407 456 3491 Patriatcham
468 3414 938 3518 constantinopolitanum
964 3412 1206 3495 concorditer
1232 3414 1455 3514 elegerunt,
1479 3410 1544 3528 cui

197 3508 416 3608 Apostolica
469 3513 545 3594 rius
571 3517 805 3597 authoritate
831 3516 1059 3597 confirmato
1095 3513 1271 3596 concessit
1297 3517 1545 3593 Innocentius

198 3610 270 3718 Ill.
284 3608 337 3719 ,in
363 3540 503 3694 cuniis
527 3609 900 3719 Romanis‘Eccleſsir
930 3613 1118 3714 plenam,
1153 3617 1203 3694 Θ
1230 3612 1414 3712 integram
1432 3608 1548 3711 juris·

197 3699 396 3792 stelionem
421 3712 575 3795 babere.
601 3719 707 3798 Cum
736 3742 828 3797 vero
854 3717 1029 3817 prudenti
1057 3717 1143 3795 viro
1167 3712 1408 3796 manifestum
1434 3715 1548 3811 esset,

196 3815 410 3920 Venetorum
431 3813 608 3920 Ecclefins
632 3841 714 3898 tam
741 3816 781 3896 ia
807 3817 904 3897 Urbe
921 3811 1349 3996 Conllamr'noposr'tnna,
1373 3841 1485 3915 quam
1507 3810 1550 3890 t‘n

200 3904 288 4022 altas
307 3916 459 4012 Imperii
474 3917 641 4016 partibus
662 3919 899 4023 constitutas,
925 3915 992 3996 nul
1008 3917 1235 3996 e'Graerorum
1248 3910 1551 4024 Patrimcbarunr

193 4011 305 4124 fittffe
323 4013 534 4116 subjeCias,
558 4021 666 4101 omni
694 4043 888 4123 propterea
917 4021 988 4116 juri
1010 4073 1023 4114 ,
1049 4020 1150 4121 quod
1176 4009 1243 4095 vel
1266 4012 1409 4093 ratione
1476 4040 1551 4091 rvr·

198 4109 315 4212 sego,
339 4109 408 4194 vel
432 4120 656 4222 conceffionr's
681 4119 884 4221 Pontificio
910 4121 976 4199 srbi
1006 4121 1168 4218 speuare
1195 4137 1376 4218 poterat,
1437 4144 1457 4193 e
1482 4122 1552 4193 Car

201 4213 413 4298 nonnarum
432 4217 580 4320 suorum
606 4221 777 4323 tonssnsu
796 4221 939 4322 prorsus
966 4218 1226 4313 renuntiavit,
1253 4214 1552 4330 utEcclesraeip

202 4313 250 4395 sae
275 4336 358 4402 trun
384 4321 827 4422 GradensrPatriarchae,
853 4344 936 4416 tum
949 4321 1169 4423 Episcopis,
1195 4316 1424 4414 Atlantas,
1450 4317 1552 4394 alus·

253 4479 257 4488 .
408 4433 414 4442 ·
858 4481 863 4488 .
1428 4437 1503 4520 que
