3934 5342
492 385 582 482 '144
730 367 831 450 Da
890 365 1462 449 Morr‘rlar'aa'ro

414 577 459 620 -„
484 550 561 625 quo
587 515 736 620 sumpsit
762 514 896 594 mortis
921 515 1146 617 supplicium
1174 537 1216 597 ut
1243 518 1367 600 luceat
1389 514 1572 599 omnibus'
1593 513 1769 598 illuni-sr-

429 677 456 720 „
481 624 616 702 delitet
641 618 876 710 colentibus.
1500 691 1504 702 .
1769 695 1772 700 .

478 777 506 822 „
531 720 720 802 Revelato
743 720 869 818 itaque
894 743 1050 818 corpore
1078 718 1178 799 inter
1202 743 1268 800 eos
1292 720 1339 800 lia
1364 719 1485 801 crevit
1500 739 1521 797 ’.
1559 718 1770 800 Alii-vole:

432 880 460 924 „
485 828 576 905 bant
602 847 689 903 eum
718 820 758 899 in
786 841 888 898 mare
914 820 1089 914 mittere,
1114 820 1206 910 sicut
1232 823 1422 924 quondam
1450 839 1573 901 nauta
1599 821 1771 900 fecerunt

429 980 458 1024 „
483 926 640 1025 Jonam:
667 922 733 1002 alii
760 921 937 1001 dicebant
965 946 1200 1023 nequaquam
1225 977 1239 1019 ,
1264 923 1326 1003 sed
1345 921 1588 1025 depre'cemar
1614 923 1773 1019 Deum,

297 1055 309 1070 ’
429 1082 457 1126 ,,
483 1048 526 1104 ut
552 1052 573 1103 a
601 1025 769 1140 periculo
796 1023 929 1102 rn‘ortia
955 1021 1163 1101 liberemur
1188 1022 1312 1103 sancia
1337 1024 1597 1106 interceffione
1625 1023 1768 1124 ipsius.

428 1181 457 1226 „
484 1130 575 1207 Non
602 1149 705 1206 eorm
731 1151 753 1202 a
779 1122 873 1202 facie
899 1123 1182 1205 Domini'srcut
1207 1126 1321 1226 Jonas
1344 1125 1491 1228 fugerat
1513 1129 1646 1222 beatus
1667 1124 1771 1202 Mar·

429 1250 546 1329 „tyr
573 1229 741 1306 Paulus:
768 1226 828 1303 sed
855 1224 945 1304 srcut
972 1226 1123 1306 consors
1148 1227 1354 1324 nominis,
1390 1228 1427 1306 8(
1452 1226 1625 1328 gentium
1654 1222 1771 1323 magi·

429 1383 458 1430 „
484 1328 553 1408 sier
579 1331 710 1407 beatus
736 1324 937 1428 Apostolus
964 1326 1103 1406 Paulus
1128 1327 1316 1408 Caesarem
1348 1329 1626 1436 appellaverat,
1651 1326 1774 1405 sciens

430 1486 458 1531 „
484 1455 550 1547 per
575 1429 771 1530 spiritum,
796 1428 839 1507 se·
860 1429 993 1507 Roma
1019 1427 1060 1505 in
1087 1426 1316 1508 ildeChristi
1343 1430 1475 1508 multis
1503 1423 1770 1529 profuturum,

429 1586 459 1633 „
483 1553 539 1609 ata
565 1533 695 1610 beatus
723 1528 787 1606 itte
802 1529 955 1630 Marryr
979 1527 1114 1607 deduci
1142 1529 1178 1607 se
1203 1529 1345 1610 sinebat
1357 1529 1563 1625 Veneriis,
1584 1529 1625 1607 8(
1645 1526 1670 1605 sr
1691 1551 1772 1605 non

429 1683 458 1734 ,‚
485 1631 751 1735 pradicatione
775 1628 969 1708 miraculis
995 1628 1130 1707 srmilia
1156 1630 1289 1712 multis
1316 1630 1479 1711 saciatus
1505 1690 1514 1709 .
1553 1629 1676 1730 Juxta·
1693 1625 1771 1707 Dei

430 1734 667 1837 „placitum
695 1732 891 1835 pravaluit
918 1733 1017 1811 bona
1044 1729 1223 1811 voluntas
1239 1732 1280 1811 in
1307 1733 1508 1830 omnibus,
1533 1733 1772 1831 &caeperunt

429 1889 459 1935 „
483 1834 650 1913 sanetum
673 1832 866 1930 venerari,
891 1858 1005 1935 quern
1034 1832 1146 1913 stulte
1171 1831 1289 1935 aliqui
1316 1835 1534 1935 cogitabant
1561 1833 1773 1929 submerge·

430 1991 459 2035 „
484 1962 554 2016 re.
593 1940 638 2014 ln
665 1933 878 2014 continenti
906 1960 1043 2035 nempe
1068 1935 1169 2030 die,
1207 1936 1270 2015 vel
1297 1929 1425 2032 h'ora,
1462 1957 1565 2016 tanta
1599 1931 1694 2011 sarta
1721 1929 1772 2009 est

429 2036 736 2137 „tranquillitas
763 2037 900 2131 maris,
925 2036 963 2116 8(
991 2035 1119 2134 venti,
1144 2057 1284 2138 quanta
1311 2062 1426 2118 nemo
1447 2034 1668 2116 mortalium
1695 2056 1772 2111 me·

430 2191 459 2238 „
485 2137 559 2218 lius
584 2136 758 2237 cogitare·
777 2138 891 2237 pollet
918 2194 927 2214 .
966 2136 1059 2217 Viso
1086 2159 1191 2217 tanto
1228 2137 1414 2224 miraculo
1440 2135 1611 2238 nunquid
1647 2133 1772 2215 dicere

431 2292 459 2337 „
485 2257 718 2418 potuerunt,
741 2238 825 2338 quis
850 2237 903 2316 est
930 2236 1029 2336 bic,
1054 2238 1143 2340 quia
1170 2240 1276 2320 venti
1301 2241 1339 2320 8(
1365 2237 1467 2321 mare
1494 2233 1677 2320 obediunt
1703 2233 1738 2313 ei
1760 2235 1774 2312 i

431 2393 460 2439 „
522 2339 755 2440 ratproseslo
783 2341 997 2418 membrum
1025 2340 1071 2421 de
1097 2366 1278 2445 corpore,
1304 2339 1594 2442 cujusChrisius
1620 2339 1661 2417 in
1683 2336 1775 2415 sem·

433 2494 461 2539 „
487 2443 677 2542 piternunr
705 2442 775 2520 esse
802 2467 878 2518 non
907 2437 1041 2520 desrnit
1067 2464 1219 2544 caput,
1252 2443 1452 2540 Christus,
1478 2442 1543 2546 qui
1569 2463 1636 2543 per
1662 2439 1771 2517 suum

431 2542 635 2639 „fidelem
653 2542 1039 2641 MartyremPaulum
1068 2542 1245 2641 juvamen
1272 2545 1400 2626 salutis
1427 2545 1492 2624 diu
1518 2563 1690 2646 optatum
1718 2539 1777 2617 de·

428 2642 539 2741 „dit
565 2643 791 2724 ducentibus
817 2642 949 2738 illum.
977 2643 1070 2723 Laeti
1098 2643 1226 2748 itaque
1252 2666 1374 2728 nautae
1400 2665 1653 2750 pervenerunt
1665 2644 1774 2721 Otre-

353 2835 358 2846 ³
432 2797 460 2841 „
485 2743 588 2823 diurn
609 2800 623 2840 ,
647 2744 684 2822 8(
712 2745 767 2821 ibi
793 2744 1005 2844 accipiente
1029 2744 1098 2824 fibi
1115 2797 1133 2842 ·,
1168 2746 1207 2827 8(
1232 2748 1390 2845 afficio,
1424 2773 1506 2852 qua
1531 2748 1685 2826 deerant
1713 2764 1776 2819 ne·

432 2898 461 2942 ‚,
486 2846 633 2925 cessaria
659 2898 672 2941 ,
708 2845 909 2945 {lauteque
927 2870 1016 2922 aura
1043 2846 1203 2926 secunda
1229 2851 1495 2950 pervenerunt
1511 2873 1628 2950 usque
1653 2845 1778 2922 Vene-

433 2998 461 3043 „
488 2946 588 3024 tias.
626 2949 768 3024 lterum
796 2947 885 3046 quia
910 2946 1115 3043 diximus,
1150 2953 1252 3051 quod
1278 2947 1509 3032 Dominicua
1543 2941 1770 3028 Caravellus

432 3097 461 3142 „
486 3046 726 3225 dispositione
762 3047 894 3125 divina
930 3045 1024 3126 sicut
1060 3049 1287 3148 credimur,
1325 3043 1475 3132 in'alia
1501 3050 1591 3130 navi
1627 3048 1776 3128 clavem

433 3199 461 3244 „
489 3148 536 3225 ha
565 3170 643 3226 eret
681 3148 845 3225 thesauri
883 3148 1246 3251 incomparabilia,
1279 3153 1356 3255 ipse
1384 3155 1491 3233 Prior
1526 3149 1657 3229 ‘venit'
1685 3167 1777 3226 cum

433 3300 461 3346 „
486 3250 594 3329 clave
618 3305 632 3344 ‚
658 3249 695 3327 8(
722 3249 965 3328 denunciavit
993 3253 1174 3350 gaudium
1201 3253 1408 3334 affuturum
1435 3310 1448 3351 ,
1483 3252 1585 3355 quod
1619 3274 1697 3330 non
1723 3246 1779 3325 so·

431 3402 461 3447 „
487 3351 568 3429 lum
600 3350 840 3451 suscipientes
868 3351 1089 3446 letificaret,
1115 3354 1176 3432 sed
1203 3355 1318 3433 etiam
1346 3357 1484 3435 multas
1511 3373 1654 3432 exteras
1686 3372 1778 3449 gen·

276 3531 306 3538 2
432 3503 461 3548 „
486 3473 576 3545 tea,
611 3478 693 3553 qua
730 3453 776 3528 ad
803 3473 890 3529 eom
919 3477 1088 3530 ventura
1115 3477 1221 3534 erant
1248 3456 1369 3556 ipsum
1398 3451 1667 3548 adorare,·t'1t
1695 3471 1775 3528 cer·

432 3603 461 3647 ‚,
488 3552 650 3630 nimus.
699 3551 827 3629 Postea
864 3578 956 3631 vero
993 3554 1217 3635 nunciatum
1255 3558 1327 3635 soit
1364 3558 1523 3637 domino
1559 3549 1704 3636 Abbati
1738 3547 1778 3627 ἃ

432 3693 460 3747 „
488 3652 718 3745 Monachls,
743 3654 843 3751 quod
873 3677 1080 3754 venerant,
1105 3657 1172 3755 q'oi
1199 3660 1413 3738 detulerant
1445 3656 1613 3737 sancium
1641 3673 1777 3754 corpus

432 3807 460 3849 „
488 3753 685 3831 beatislim'i
721 3753 905 3854 Martyria
944 3758 1082 3833 Pauli.
1120 3762 1172 3834 At
1200 3758 1259 3835 illi
1285 3759 1429 3859 gavisi,
1454 3761 1492 3838 8(
1519 3759 1659 3837 alacres
1685 3772 1775 3833 cum

432 3908 462 3952 „
487 3880 623 3955 magna
660 3855 830 3950 latitia,
867 3857 904 3934 8(
941 3856 1179 3935 exultatione
1216 3873 1616 3961 paraverunt‘navem
1653 3853 1781 3957 posue·

320 3995 322 4006 ·
431 4007 459 4052 „
486 3980 648 4058 runrque
677 3956 778 4035 intur
805 3957 947 4058 uexilla
984 3985 1060 4035 nnn
1089 3958 1277 4056 modica,
1313 3964 1352 4042 8(
1376 3962 1568 4063 campanis
1603 3952 1779 4061 pulsanti·

433 4108 462 4152 „
489 4059 582 4154 bus,
608 4065 696 4137 curn¹
727 4060 873 4137 honore
900 4060 1139 4159 dignilirmo,
1165 4061 1422 4161 dignillrmum
1451 4054 1778 4165 corpusmargari·

434 4209 463 4253 ‚‚
489 4181 567 4236 tam
597 4182 638 4237 ut
661 4159 712 4236 ita
738 4159 898 4253 dicam,
933 4160 1170 4259 pretiosam,
1206 4167 1327 4244 immo
1356 4167 1569 4265 margaritis
1594 4161 1777 4241 omnibus

432 4309 459 4355 ,‚
485 4259 767 4362 pretiosiorem,
793 4259 987 4341 sanctitate
1013 4261 1232 4366 mundicia,
1257 4267 1296 4347 8(
1314 4268 1589 4351 miraculorum
1609 4265 1780 4356 virtute,

1525 4381 1530 4390 ’
1598 4381 1731 4470 »φετ-
