<?xml version="1.0" encoding="UTF-8"?>
<!DOCTYPE html PUBLIC "-//W3C//DTD XHTML 1.0 Transitional//EN"
    "http://www.w3.org/TR/xhtml1/DTD/xhtml1-transitional.dtd">
<html xmlns="http://www.w3.org/1999/xhtml" xml:lang="en" lang="en">
 <head>
  <title>
</title>
<meta http-equiv="Content-Type" content="text/html;charset=utf-8" />
  <meta name='ocr-system' content='tesseract 3.04.00' />
  <meta name='ocr-capabilities' content='ocr_page ocr_carea ocr_par ocr_line ocrx_word'/>
</head>
<body>
  <div class='ocr_page' id='page_1' title='image "./ecclesiaeveneta00unkngoog_0117.png"; bbox 0 0 3934 5342; ppageno 0'>
   <div class='ocr_carea' id='block_1_1' title="bbox 356 389 1496 505">
    <p class='ocr_par' dir='ltr' id='par_1_1' title="bbox 356 389 1496 505">
     <span class='ocr_line' id='line_1_1' title="bbox 356 389 1496 505; baseline 0.005 -26"><span class='ocrx_word' id='word_1_1' title='bbox 356 389 367 454; x_wconf 75' lang='lat' dir='ltr'><strong>l</strong></span> <span class='ocrx_word' id='word_1_2' title='bbox 491 393 1279 496; x_wconf 75' lang='lat' dir='ltr'><strong>SnucT1Gooao11Mn10nrs.</strong></span> <span class='ocrx_word' id='word_1_3' title='bbox 1415 424 1496 505; x_wconf 85' lang='lat'><strong>109</strong></span> 
     </span>
    </p>
   </div>
   <div class='ocr_carea' id='block_1_2' title="bbox 220 543 1564 1561">
    <p class='ocr_par' dir='ltr' id='par_1_2' title="bbox 220 543 1564 1561">
     <span class='ocr_line' id='line_1_2' title="bbox 224 543 1561 651; baseline 0.001 -22"><span class='ocrx_word' id='word_1_4' title='bbox 224 587 252 647; x_wconf 85' lang='lat'><strong>,·,</strong></span> <span class='ocrx_word' id='word_1_5' title='bbox 277 548 373 629; x_wconf 88' lang='lat' dir='ltr'><strong>biles</strong></span> <span class='ocrx_word' id='word_1_6' title='bbox 395 546 466 625; x_wconf 86' lang='lat' dir='ltr'><strong>viri</strong></span> <span class='ocrx_word' id='word_1_7' title='bbox 490 548 596 628; x_wconf 88' lang='lat' dir='ltr'><strong>navis</strong></span> <span class='ocrx_word' id='word_1_8' title='bbox 643 567 874 628; x_wconf 88' lang='lat' dir='ltr'><strong>rocurarores</strong></span> <span class='ocrx_word' id='word_1_9' title='bbox 895 546 1106 645; x_wconf 86' lang='lat' dir='ltr'><strong>juraverant</strong></span> <span class='ocrx_word' id='word_1_10' title='bbox 1129 543 1361 646; x_wconf 39' lang='lat' dir='ltr'><strong>illedius‚,&amp;</strong></span> <span class='ocrx_word' id='word_1_11' title='bbox 1387 548 1561 651; x_wconf 76' lang='lat' dir='ltr'>precibus</span> 
     </span>
     <span class='ocr_line' id='line_1_3' title="bbox 224 576 1561 754; baseline 0.001 -26"><span class='ocrx_word' id='word_1_12' title='bbox 224 705 253 748; x_wconf 80' lang='lat'>„</span> <span class='ocrx_word' id='word_1_13' title='bbox 279 647 535 754; x_wconf 84' lang='lat' dir='ltr'><strong>sue-conjugis</strong></span> <span class='ocrx_word' id='word_1_14' title='bbox 561 576 737 730; x_wconf 64' lang='lat' dir='ltr'><strong>dudlricis</strong></span> <span class='ocrx_word' id='word_1_15' title='bbox 764 647 919 729; x_wconf 90' lang='lat' dir='ltr'><strong>nomine</strong></span> <span class='ocrx_word' id='word_1_16' title='bbox 940 646 1115 726; x_wconf 88' lang='lat' dir='ltr'><strong>Matildis</strong></span> <span class='ocrx_word' id='word_1_17' title='bbox 1142 649 1261 747; x_wconf 87' lang='lat' dir='ltr'><strong>Regie</strong></span> <span class='ocrx_word' id='word_1_18' title='bbox 1287 648 1426 749; x_wconf 90' lang='lat' dir='ltr'><strong>prolis,</strong></span> <span class='ocrx_word' id='word_1_19' title='bbox 1451 651 1561 730; x_wconf 88' lang='lat' dir='ltr'><strong>mire·</strong></span> 
     </span>
     <span class='ocr_line' id='line_1_4' title="bbox 227 747 1561 849; baseline 0.002 -23"><span class='ocrx_word' id='word_1_20' title='bbox 227 805 254 848; x_wconf 86' lang='lat'>„</span> <span class='ocrx_word' id='word_1_21' title='bbox 280 775 351 849; x_wconf 86' lang='lat' dir='ltr'><strong>que</strong></span> <span class='ocrx_word' id='word_1_22' title='bbox 370 749 577 848; x_wconf 84' lang='lat' dir='ltr'>&#39;probitatis</span> <span class='ocrx_word' id='word_1_23' title='bbox 603 747 859 844; x_wconf 61' lang='lat' dir='ltr'><strong>conludius,</strong></span> <span class='ocrx_word' id='word_1_24' title='bbox 897 747 1060 826; x_wconf 84' lang='lat' dir='ltr'><strong>mutavit</strong></span> <span class='ocrx_word' id='word_1_25' title='bbox 1088 747 1315 848; x_wconf 88' lang='lat' dir='ltr'><strong>jamceptum</strong></span> <span class='ocrx_word' id='word_1_26' title='bbox 1343 749 1482 831; x_wconf 90' lang='lat' dir='ltr'><strong>mentis</strong></span> <span class='ocrx_word' id='word_1_27' title='bbox 1507 751 1561 830; x_wconf 91' lang='lat' dir='ltr'><strong>di-</strong></span> 
     </span>
     <span class='ocr_line' id='line_1_5' title="bbox 227 837 1562 963; baseline 0.003 -35"><span class='ocrx_word' id='word_1_28' title='bbox 227 905 255 948; x_wconf 87' lang='lat'>„</span> <span class='ocrx_word' id='word_1_29' title='bbox 280 837 478 950; x_wconf 79' lang='lat' dir='ltr'><strong>l&#39;pofitum,</strong></span> <span class='ocrx_word' id='word_1_30' title='bbox 501 849 547 938; x_wconf 83' lang='grc'><strong>8(</strong></span> <span class='ocrx_word' id='word_1_31' title='bbox 567 850 674 929; x_wconf 84' lang='lat' dir='ltr'><strong>duxit</strong></span> <span class='ocrx_word' id='word_1_32' title='bbox 699 875 835 952; x_wconf 91' lang='lat' dir='ltr'><strong>corpus</strong></span> <span class='ocrx_word' id='word_1_33' title='bbox 861 848 1045 928; x_wconf 85' lang='lat' dir='ltr'><strong>eximium</strong></span> <span class='ocrx_word' id='word_1_34' title='bbox 1072 847 1111 926; x_wconf 93' lang='lat' dir='ltr'><strong>in</strong></span> <span class='ocrx_word' id='word_1_35' title='bbox 1137 845 1263 963; x_wconf 70' lang='lat' dir='ltr'><strong>Saniii</strong></span> <span class='ocrx_word' id='word_1_36' title='bbox 1289 851 1446 950; x_wconf 83' lang='lat' dir='ltr'><strong>Georgii</strong></span> <span class='ocrx_word' id='word_1_37' title='bbox 1469 853 1562 932; x_wconf 86' lang='lat' dir='ltr'><strong>Nlo·</strong></span> 
     </span>
     <span class='ocr_line' id='line_1_6' title="bbox 225 949 1561 1054; baseline 0.001 -25"><span class='ocrx_word' id='word_1_38' title='bbox 225 956 252 1049; x_wconf 77' lang='lat'><strong>,&#39;,</strong></span> <span class='ocrx_word' id='word_1_39' title='bbox 276 950 510 1054; x_wconf 84' lang='lat' dir='ltr'><strong>hasterium.</strong></span> <span class='ocrx_word' id='word_1_40' title='bbox 536 956 628 1054; x_wconf 85' lang='lat' dir='ltr'><strong>Quo</strong></span> <span class='ocrx_word' id='word_1_41' title='bbox 655 952 752 1030; x_wconf 73' lang='lat' dir='ltr'><strong>saiio</strong></span> <span class='ocrx_word' id='word_1_42' title='bbox 777 949 904 1030; x_wconf 90' lang='lat' dir='ltr'><strong>debita</strong></span> <span class='ocrx_word' id='word_1_43' title='bbox 930 950 1074 1047; x_wconf 88' lang='lat' dir='ltr'><strong>laude,</strong></span> <span class='ocrx_word' id='word_1_44' title='bbox 1098 950 1298 1051; x_wconf 78' lang='lat' dir='ltr'><strong>debitaque</strong></span> <span class='ocrx_word' id='word_1_45' title='bbox 1324 952 1446 1050; x_wconf 89' lang='lat' dir='ltr'><strong>gloria</strong></span> <span class='ocrx_word' id='word_1_46' title='bbox 1472 976 1561 1031; x_wconf 88' lang='lat' dir='ltr'><strong>cunt</strong></span> 
     </span>
     <span class='ocr_line' id='line_1_7' title="bbox 220 1049 1562 1156; baseline 0.004 -29"><span class='ocrx_word' id='word_1_47' title='bbox 220 1102 255 1149; x_wconf 76' lang='lat'><strong>„,</strong></span> <span class='ocrx_word' id='word_1_48' title='bbox 281 1049 509 1156; x_wconf 85' lang='lat' dir='ltr'><strong>humilitatis</strong></span> <span class='ocrx_word' id='word_1_49' title='bbox 530 1052 609 1152; x_wconf 87' lang='lat' dir='ltr'><strong>jure</strong></span> <span class='ocrx_word' id='word_1_50' title='bbox 635 1056 683 1132; x_wconf 89' lang='lat' dir='ltr'><strong>ab</strong></span> <span class='ocrx_word' id='word_1_51' title='bbox 710 1055 858 1132; x_wconf 87' lang='lat' dir='ltr'><strong>Abbate</strong></span> <span class='ocrx_word' id='word_1_52' title='bbox 886 1049 1171 1130; x_wconf 87' lang='lat' dir='ltr'><strong>illiusCenobii</strong></span> <span class='ocrx_word' id='word_1_53' title='bbox 1198 1050 1354 1131; x_wconf 91' lang='lat' dir='ltr'><strong>nomine</strong></span> <span class='ocrx_word' id='word_1_54' title='bbox 1382 1051 1562 1133; x_wconf 89' lang='lat' dir='ltr'><strong>Tribuno</strong></span> 
     </span>
     <span class='ocr_line' id='line_1_8' title="bbox 226 1151 1564 1255; baseline 0.001 -24"><span class='ocrx_word' id='word_1_55' title='bbox 226 1153 390 1250; x_wconf 85' lang='lat' dir='ltr'><strong>„Patre</strong></span> <span class='ocrx_word' id='word_1_56' title='bbox 418 1152 513 1253; x_wconf 91' lang='lat' dir='ltr'><strong>pio,</strong></span> <span class='ocrx_word' id='word_1_57' title='bbox 547 1154 593 1232; x_wconf 90' lang='lat' dir='ltr'><strong>de</strong></span> <span class='ocrx_word' id='word_1_58' title='bbox 624 1179 737 1255; x_wconf 86' lang='lat' dir='ltr'><strong>grege</strong></span> <span class='ocrx_word' id='word_1_59' title='bbox 768 1155 911 1253; x_wconf 80' lang='lat' dir='ltr'>semper</span> <span class='ocrx_word' id='word_1_60' title='bbox 932 1151 1133 1251; x_wconf 88' lang='lat' dir='ltr'><strong>sollicito,</strong></span> <span class='ocrx_word' id='word_1_61' title='bbox 1167 1174 1392 1255; x_wconf 82' lang='lat' dir='ltr'>procurante</span> <span class='ocrx_word' id='word_1_62' title='bbox 1418 1153 1494 1232; x_wconf 93' lang='lat' dir='ltr'><strong>sem</strong></span> <span class='ocrx_word' id='word_1_63' title='bbox 1544 1177 1564 1233; x_wconf 84' lang='lat' dir='ltr'><strong>r</strong></span> 
     </span>
     <span class='ocr_line' id='line_1_9' title="bbox 227 1254 1563 1355; baseline 0.002 -25"><span class='ocrx_word' id='word_1_64' title='bbox 227 1307 255 1352; x_wconf 88' lang='lat'>„</span> <span class='ocrx_word' id='word_1_65' title='bbox 280 1255 468 1353; x_wconf 81' lang='lat' dir='ltr'><strong>prodesse,</strong></span> <span class='ocrx_word' id='word_1_66' title='bbox 493 1255 530 1332; x_wconf 97' lang='grc'><strong>8(</strong></span> <span class='ocrx_word' id='word_1_67' title='bbox 556 1280 749 1355; x_wconf 85' lang='lat' dir='ltr'><strong>nunquam</strong></span> <span class='ocrx_word' id='word_1_68' title='bbox 773 1254 927 1333; x_wconf 89' lang='lat' dir='ltr'><strong>volente</strong></span> <span class='ocrx_word' id='word_1_69' title='bbox 950 1255 1118 1353; x_wconf 83' lang='lat' dir='ltr'><strong>preesse,</strong></span> <span class='ocrx_word' id='word_1_70' title='bbox 1144 1255 1249 1353; x_wconf 78' lang='lat' dir='ltr'><strong>cuius</strong></span> <span class='ocrx_word' id='word_1_71' title='bbox 1275 1254 1403 1334; x_wconf 89' lang='lat' dir='ltr'><strong>labore</strong></span> <span class='ocrx_word' id='word_1_72' title='bbox 1429 1255 1467 1335; x_wconf 94' lang='grc'><strong>8(</strong></span> <span class='ocrx_word' id='word_1_73' title='bbox 1524 1280 1563 1333; x_wconf 92' lang='lat' dir='ltr'><strong>u·</strong></span> 
     </span>
     <span class='ocr_line' id='line_1_10' title="bbox 226 1353 1563 1533; baseline 0.002 -103"><span class='ocrx_word' id='word_1_74' title='bbox 226 1407 253 1450; x_wconf 86' lang='lat'>„</span> <span class='ocrx_word' id='word_1_75' title='bbox 277 1354 340 1432; x_wconf 90' lang='lat' dir='ltr'><strong>dio</strong></span> <span class='ocrx_word' id='word_1_76' title='bbox 357 1380 499 1533; x_wconf 42' lang='lat' dir='ltr'><strong>‚corpus</strong></span> <span class='ocrx_word' id='word_1_77' title='bbox 526 1353 703 1435; x_wconf 72' lang='lat' dir='ltr'><strong>Sannum</strong></span> <span class='ocrx_word' id='word_1_78' title='bbox 736 1357 805 1456; x_wconf 89' lang='lat' dir='ltr'><strong>suo</strong></span> <span class='ocrx_word' id='word_1_79' title='bbox 834 1354 1067 1437; x_wconf 85' lang='lat' dir='ltr'><strong>Monallerio</strong></span> <span class='ocrx_word' id='word_1_80' title='bbox 1092 1353 1165 1433; x_wconf 91' lang='lat' dir='ltr'><strong>suit</strong></span> <span class='ocrx_word' id='word_1_81' title='bbox 1191 1354 1452 1454; x_wconf 87' lang='lat' dir='ltr'><strong>attributum,</strong></span> <span class='ocrx_word' id='word_1_82' title='bbox 1476 1356 1514 1434; x_wconf 88' lang='grc'><strong>8(</strong></span> <span class='ocrx_word' id='word_1_83' title='bbox 1540 1380 1563 1433; x_wconf 91' lang='lat' dir='ltr'><strong>a</strong></span> 
     </span>
     <span class='ocr_line' id='line_1_11' title="bbox 225 1454 1561 1561; baseline 0.001 -28"><span class='ocrx_word' id='word_1_84' title='bbox 225 1508 253 1554; x_wconf 85' lang='lat'>„</span> <span class='ocrx_word' id='word_1_85' title='bbox 280 1455 396 1534; x_wconf 88' lang='lat' dir='ltr'><strong>totius</strong></span> <span class='ocrx_word' id='word_1_86' title='bbox 441 1455 477 1534; x_wconf 91' lang='lat' dir='ltr'><strong>ui</strong></span> <span class='ocrx_word' id='word_1_87' title='bbox 504 1454 1010 1537; x_wconf 77' lang='lat' dir='ltr'><strong>Conventusc0nfratrions</strong></span> <span class='ocrx_word' id='word_1_88' title='bbox 1035 1455 1147 1560; x_wconf 88' lang='lat' dir='ltr'>sydus</span> <span class='ocrx_word' id='word_1_89' title='bbox 1173 1480 1382 1557; x_wconf 86' lang='lat' dir='ltr'><strong>martyrum</strong></span> <span class='ocrx_word' id='word_1_90' title='bbox 1394 1481 1561 1561; x_wconf 88' lang='lat' dir='ltr'><strong>preeun-</strong></span> 
     </span>
    </p>
   </div>
   <div class='ocr_carea' id='block_1_3' title="bbox 132 1549 1675 2345">
    <p class='ocr_par' dir='ltr' id='par_1_3' title="bbox 223 1549 1562 1860">
     <span class='ocr_line' id='line_1_12' title="bbox 224 1549 1559 1660; baseline 0.003 -28"><span class='ocrx_word' id='word_1_91' title='bbox 224 1607 252 1653; x_wconf 91' lang='lat'>„</span> <span class='ocrx_word' id='word_1_92' title='bbox 277 1551 346 1634; x_wconf 70' lang='lat' dir='ltr'><strong>siis</strong></span> <span class='ocrx_word' id='word_1_93' title='bbox 372 1549 586 1656; x_wconf 82' lang='lat' dir='ltr'><strong>fulgidum,</strong></span> <span class='ocrx_word' id='word_1_94' title='bbox 603 1557 830 1659; x_wconf 82' lang='lat' dir='ltr'><strong>suscipitur,</strong></span> <span class='ocrx_word' id='word_1_95' title='bbox 856 1555 1021 1637; x_wconf 86' lang='lat' dir='ltr'><strong>Ecclesre</strong></span> <span class='ocrx_word' id='word_1_96' title='bbox 1049 1558 1269 1660; x_wconf 84' lang='lat' dir='ltr'><strong>reponitur,</strong></span> <span class='ocrx_word' id='word_1_97' title='bbox 1292 1557 1404 1658; x_wconf 83' lang='lat' dir='ltr'><strong>digne</strong></span> <span class='ocrx_word' id='word_1_98' title='bbox 1431 1583 1559 1636; x_wconf 88' lang='lat' dir='ltr'><strong>recon-</strong></span> 
     </span>
     <span class='ocr_line' id='line_1_13' title="bbox 223 1653 1561 1754; baseline 0.004 -22"><span class='ocrx_word' id='word_1_99' title='bbox 223 1709 253 1753; x_wconf 81' lang='lat'><strong>,‚</strong></span> <span class='ocrx_word' id='word_1_100' title='bbox 277 1653 403 1753; x_wconf 89' lang='lat' dir='ltr'><strong>ditur,</strong></span> <span class='ocrx_word' id='word_1_101' title='bbox 427 1659 562 1750; x_wconf 84' lang='lat' dir='ltr'><strong>devote</strong></span> <span class='ocrx_word' id='word_1_102' title='bbox 584 1657 816 1754; x_wconf 85' lang='lat' dir='ltr'><strong>custoditur,</strong></span> <span class='ocrx_word' id='word_1_103' title='bbox 840 1659 876 1736; x_wconf 90' lang='grc'><strong>8(</strong></span> <span class='ocrx_word' id='word_1_104' title='bbox 902 1661 949 1737; x_wconf 91' lang='lat' dir='ltr'><strong>ab</strong></span> <span class='ocrx_word' id='word_1_105' title='bbox 974 1657 1152 1738; x_wconf 88' lang='lat' dir='ltr'><strong>omnibus</strong></span> <span class='ocrx_word' id='word_1_106' title='bbox 1174 1657 1472 1739; x_wconf 85' lang='lat' dir='ltr'><strong>occidentalibus</strong></span> <span class='ocrx_word' id='word_1_107' title='bbox 1492 1657 1561 1738; x_wconf 86' lang='lat' dir='ltr'><strong>sre-</strong></span> 
     </span>
     <span class='ocr_line' id='line_1_14' title="bbox 223 1757 1562 1860; baseline 0 -22"><span class='ocrx_word' id='word_1_108' title='bbox 223 1810 251 1852; x_wconf 84' lang='lat'>„</span> <span class='ocrx_word' id='word_1_109' title='bbox 276 1780 500 1856; x_wconf 85' lang='lat' dir='ltr'><strong>quentarur,</strong></span> <span class='ocrx_word' id='word_1_110' title='bbox 526 1762 723 1859; x_wconf 84' lang='lat' dir='ltr'><strong>laudatur,</strong></span> <span class='ocrx_word' id='word_1_111' title='bbox 748 1761 786 1839; x_wconf 90' lang='grc'><strong>8(</strong></span> <span class='ocrx_word' id='word_1_112' title='bbox 812 1759 1001 1839; x_wconf 81' lang='lat' dir='ltr'><strong>exeolitur</strong></span> <span class='ocrx_word' id='word_1_113' title='bbox 1028 1758 1284 1854; x_wconf 84' lang='lat' dir='ltr'><strong>muneribus,</strong></span> <span class='ocrx_word' id='word_1_114' title='bbox 1309 1758 1436 1860; x_wconf 86' lang='lat' dir='ltr'><strong>ibique</strong></span> <span class='ocrx_word' id='word_1_115' title='bbox 1463 1757 1562 1838; x_wconf 88' lang='lat' dir='ltr'><strong>fiunt</strong></span> 
     </span>
    </p>

    <p class='ocr_par' dir='ltr' id='par_1_4' title="bbox 132 1857 1675 2345">
     <span class='ocr_line' id='line_1_15' title="bbox 223 1857 1675 2036; baseline 0.002 -100"><span class='ocrx_word' id='word_1_116' title='bbox 223 1910 252 1953; x_wconf 85' lang='lat'>„</span> <span class='ocrx_word' id='word_1_117' title='bbox 274 1882 342 2036; x_wconf 91' lang='lat' dir='ltr'><strong>per</strong></span> <span class='ocrx_word' id='word_1_118' title='bbox 368 1886 455 1963; x_wconf 89' lang='lat' dir='ltr'><strong>eum</strong></span> <span class='ocrx_word' id='word_1_119' title='bbox 485 1861 684 1963; x_wconf 88' lang='lat' dir='ltr'><strong>prodigia,</strong></span> <span class='ocrx_word' id='word_1_120' title='bbox 709 1862 746 1940; x_wconf 91' lang='grc'><strong>8(</strong></span> <span class='ocrx_word' id='word_1_121' title='bbox 773 1860 872 1963; x_wconf 81' lang='lat' dir='ltr'><strong>hgna</strong></span> <span class='ocrx_word' id='word_1_122' title='bbox 900 1884 1068 1964; x_wconf 85' lang='lat' dir='ltr'><strong>magna,</strong></span> <span class='ocrx_word' id='word_1_123' title='bbox 1094 1882 1136 1940; x_wconf 91' lang='lat' dir='ltr'><strong>ut</strong></span> <span class='ocrx_word' id='word_1_124' title='bbox 1162 1860 1203 1939; x_wconf 92' lang='lat' dir='ltr'><strong>in</strong></span> <span class='ocrx_word' id='word_1_125' title='bbox 1227 1857 1383 1939; x_wconf 71' lang='lat' dir='ltr'><strong>suibus</strong></span> <span class='ocrx_word' id='word_1_126' title='bbox 1404 1858 1563 1960; x_wconf 84' lang='lat' dir='ltr'><strong>Aposto·</strong></span> <span class='ocrx_word' id='word_1_127' title='bbox 1661 1885 1675 1902; x_wconf 74' lang='lat'>⁴</span> 
     </span>
     <span class='ocr_line' id='line_1_16' title="bbox 132 1959 1581 2079; baseline 0.001 -44"><span class='ocrx_word' id='word_1_128' title='bbox 132 1999 138 2004; x_wconf 92' lang='lat'><strong>·</strong></span> <span class='ocrx_word' id='word_1_129' title='bbox 221 2010 251 2054; x_wconf 89' lang='lat'>„</span> <span class='ocrx_word' id='word_1_130' title='bbox 291 1984 399 2038; x_wconf 93' lang='lat' dir='ltr'><strong>orum</strong></span> <span class='ocrx_word' id='word_1_131' title='bbox 421 1962 595 2066; x_wconf 75' lang='lat' dir='ltr'><strong>legitur,</strong></span> <span class='ocrx_word' id='word_1_132' title='bbox 611 1966 656 2043; x_wconf 93' lang='lat' dir='ltr'><strong>de</strong></span> <span class='ocrx_word' id='word_1_133' title='bbox 676 1963 812 2079; x_wconf 83' lang='lat' dir='ltr'><strong>quibus</strong></span> <span class='ocrx_word' id='word_1_134' title='bbox 834 1975 944 2063; x_wconf 76' lang='lat' dir='ltr'><strong>prou&#39;t</strong></span> <span class='ocrx_word' id='word_1_135' title='bbox 958 1962 1151 2042; x_wconf 83' lang='lat' dir='ltr'><strong>Dominus</strong></span> <span class='ocrx_word' id='word_1_136' title='bbox 1173 1959 1462 2069; x_wconf 84' lang='lat' dir='ltr'><strong>misericorditer</strong></span> <span class='ocrx_word' id='word_1_137' title='bbox 1482 1963 1581 2058; x_wconf 78' lang='lat' dir='ltr'><strong>sug·¹</strong></span> 
     </span>
     <span class='ocr_line' id='line_1_17' title="bbox 219 2059 1559 2165; baseline 0 -28"><span class='ocrx_word' id='word_1_138' title='bbox 219 2110 249 2156; x_wconf 63' lang='lat'><strong>2,</strong></span> <span class='ocrx_word' id='word_1_139' title='bbox 274 2060 444 2158; x_wconf 80' lang='lat' dir='ltr'><strong>gesserit,</strong></span> <span class='ocrx_word' id='word_1_140' title='bbox 469 2063 511 2142; x_wconf 91' lang='lat' dir='ltr'><strong>in</strong></span> <span class='ocrx_word' id='word_1_141' title='bbox 533 2065 773 2165; x_wconf 66' lang='lat' dir='ltr'><strong>sequentibus</strong></span> <span class='ocrx_word' id='word_1_142' title='bbox 795 2061 1069 2143; x_wconf 87' lang='lat' dir='ltr'><strong>insudabimus.</strong></span> <span class='ocrx_word' id='word_1_143' title='bbox 1094 2063 1183 2162; x_wconf 90' lang='lat' dir='ltr'><strong>Jure</strong></span> <span class='ocrx_word' id='word_1_144' title='bbox 1204 2059 1329 2161; x_wconf 90' lang='lat' dir='ltr'><strong>itaque</strong></span> <span class='ocrx_word' id='word_1_145' title='bbox 1346 2059 1559 2157; x_wconf 86' lang='lat' dir='ltr'><strong>ejusabsen-</strong></span> 
     </span>
     <span class='ocr_line' id='line_1_18' title="bbox 220 2157 1560 2345; baseline 0.001 -108"><span class='ocrx_word' id='word_1_146' title='bbox 220 2159 325 2257; x_wconf 84' lang='lat' dir='ltr'><strong>„tia</strong></span> <span class='ocrx_word' id='word_1_147' title='bbox 352 2159 527 2244; x_wconf 88' lang='lat' dir='ltr'><strong>dellitura</strong></span> <span class='ocrx_word' id='word_1_148' title='bbox 538 2221 564 2345; x_wconf 56' lang='grc' dir='ltr'><strong><em>ἦ</em></strong></span> <span class='ocrx_word' id='word_1_149' title='bbox 597 2167 635 2246; x_wconf 91' lang='grc'><strong>8(</strong></span> <span class='ocrx_word' id='word_1_150' title='bbox 655 2165 843 2267; x_wconf 77' lang='lat' dir='ltr'><strong>expoliata</strong></span> <span class='ocrx_word' id='word_1_151' title='bbox 874 2187 993 2243; x_wconf 90' lang='lat' dir='ltr'><strong>meret</strong></span> <span class='ocrx_word' id='word_1_152' title='bbox 1026 2157 1379 2264; x_wconf 82' lang='lat' dir='ltr'><strong>Constantinopolis</strong></span> <span class='ocrx_word' id='word_1_153' title='bbox 1406 2159 1560 2239; x_wconf 85' lang='lat' dir='ltr'><strong>Civitas</strong></span> 
     </span>
    </p>
   </div>
   <div class='ocr_carea' id='block_1_4' title="bbox 218 2257 1559 2482">
    <p class='ocr_par' dir='ltr' id='par_1_5' title="bbox 218 2257 1559 2482">
     <span class='ocr_line' id='line_1_19' title="bbox 220 2257 1558 2379; baseline -0.001 -38"><span class='ocrx_word' id='word_1_154' title='bbox 220 2311 252 2358; x_wconf 85' lang='lat'><strong>,‚</strong></span> <span class='ocrx_word' id='word_1_155' title='bbox 275 2260 408 2376; x_wconf 86' lang='lat' dir='ltr'><strong>regia,</strong></span> <span class='ocrx_word' id='word_1_156' title='bbox 433 2264 470 2341; x_wconf 90' lang='grc'><strong>8(</strong></span> <span class='ocrx_word' id='word_1_157' title='bbox 490 2267 535 2343; x_wconf 91' lang='lat' dir='ltr'><strong>de</strong></span> <span class='ocrx_word' id='word_1_158' title='bbox 566 2287 604 2348; x_wconf 90' lang='lat' dir='ltr'><strong>et</strong></span> <span class='ocrx_word' id='word_1_159' title='bbox 630 2266 756 2346; x_wconf 90' lang='lat' dir='ltr'><strong>omnis</strong></span> <span class='ocrx_word' id='word_1_160' title='bbox 777 2267 936 2363; x_wconf 88' lang='lat' dir='ltr'><strong>Grecia,</strong></span> <span class='ocrx_word' id='word_1_161' title='bbox 964 2286 1138 2366; x_wconf 90' lang='lat' dir='ltr'><strong>totusque</strong></span> <span class='ocrx_word' id='word_1_162' title='bbox 1159 2265 1291 2344; x_wconf 88' lang='lat' dir='ltr'><strong>oriens</strong></span> <span class='ocrx_word' id='word_1_163' title='bbox 1308 2284 1486 2379; x_wconf 89' lang='lat' dir='ltr'><strong>perpetua</strong></span> <span class='ocrx_word' id='word_1_164' title='bbox 1508 2257 1558 2339; x_wconf 88' lang='lat' dir='ltr'><strong>af·</strong></span> 
     </span>
     <span class='ocr_line' id='line_1_20' title="bbox 218 2358 1559 2482; baseline -0.003 -39"><span class='ocrx_word' id='word_1_165' title='bbox 218 2412 248 2469; x_wconf 60' lang='grc'>»</span> <span class='ocrx_word' id='word_1_166' title='bbox 273 2358 400 2444; x_wconf 80' lang='lat' dir='ltr'><strong>ficitur</strong></span> <span class='ocrx_word' id='word_1_167' title='bbox 420 2365 609 2465; x_wconf 80' lang='lat' dir='ltr'><strong>mesticia,</strong></span> <span class='ocrx_word' id='word_1_168' title='bbox 633 2366 671 2446; x_wconf 87' lang='grc'><strong>8(</strong></span> <span class='ocrx_word' id='word_1_169' title='bbox 692 2369 804 2468; x_wconf 87' lang='lat' dir='ltr'><strong>digne</strong></span> <span class='ocrx_word' id='word_1_170' title='bbox 826 2365 903 2464; x_wconf 87' lang='lat' dir='ltr'><strong>ejus</strong></span> <span class='ocrx_word' id='word_1_171' title='bbox 922 2367 1105 2482; x_wconf 76' lang='lat' dir='ltr'><strong>presentia</strong></span> <span class='ocrx_word' id='word_1_172' title='bbox 1126 2363 1326 2446; x_wconf 88' lang='lat' dir='ltr'><strong>sublimata</strong></span> <span class='ocrx_word' id='word_1_173' title='bbox 1348 2364 1559 2465; x_wconf 75' lang='lat' dir='ltr'><strong>triumphat</strong></span> 
     </span>
    </p>
   </div>
   <div class='ocr_carea' id='block_1_5' title="bbox 218 2461 1675 2564">
    <p class='ocr_par' dir='ltr' id='par_1_6' title="bbox 218 2461 1675 2564">
     <span class='ocr_line' id='line_1_21' title="bbox 218 2461 1675 2564; baseline 0 -25"><span class='ocrx_word' id='word_1_174' title='bbox 218 2514 247 2558; x_wconf 88' lang='lat'>„</span> <span class='ocrx_word' id='word_1_175' title='bbox 275 2461 461 2560; x_wconf 84' lang='lat' dir='ltr'><strong>Venetia,</strong></span> <span class='ocrx_word' id='word_1_176' title='bbox 486 2467 523 2545; x_wconf 88' lang='grc'><strong>8(</strong></span> <span class='ocrx_word' id='word_1_177' title='bbox 550 2468 674 2548; x_wconf 89' lang='lat' dir='ltr'><strong>vicina</strong></span> <span class='ocrx_word' id='word_1_178' title='bbox 701 2470 838 2548; x_wconf 86' lang='lat' dir='ltr'><strong>letatur</strong></span> <span class='ocrx_word' id='word_1_179' title='bbox 851 2470 984 2564; x_wconf 79' lang='lat' dir='ltr'><strong>ltalia,</strong></span> <span class='ocrx_word' id='word_1_180' title='bbox 1011 2467 1048 2545; x_wconf 91' lang='grc'><strong>8(</strong></span> <span class='ocrx_word' id='word_1_181' title='bbox 1074 2488 1177 2547; x_wconf 87' lang='lat' dir='ltr'><strong>totus</strong></span> <span class='ocrx_word' id='word_1_182' title='bbox 1188 2467 1377 2548; x_wconf 89' lang='lat' dir='ltr'><strong>Occidens</strong></span> <span class='ocrx_word' id='word_1_183' title='bbox 1399 2466 1466 2543; x_wconf 89' lang='lat' dir='ltr'><strong>sub</strong></span> <span class='ocrx_word' id='word_1_184' title='bbox 1477 2487 1558 2542; x_wconf 88' lang='lat' dir='ltr'><strong>tan·</strong></span> <span class='ocrx_word' id='word_1_185' title='bbox 1667 2539 1675 2552; x_wconf 77' lang='grc'><strong>,</strong></span> 
     </span>
    </p>
   </div>
   <div class='ocr_carea' id='block_1_6' title="bbox 216 2563 1561 2971">
    <p class='ocr_par' dir='ltr' id='par_1_7' title="bbox 216 2563 1561 2971">
     <span class='ocr_line' id='line_1_22' title="bbox 218 2563 1559 2670; baseline 0.002 -33"><span class='ocrx_word' id='word_1_186' title='bbox 218 2613 250 2659; x_wconf 84' lang='grc'><strong>,,</strong></span> <span class='ocrx_word' id='word_1_187' title='bbox 276 2582 316 2638; x_wconf 92' lang='lat' dir='ltr'><strong>to</strong></span> <span class='ocrx_word' id='word_1_188' title='bbox 343 2563 577 2670; x_wconf 74' lang='lat' dir='ltr'><strong>intercessore</strong></span> <span class='ocrx_word' id='word_1_189' title='bbox 606 2567 814 2669; x_wconf 80' lang='lat' dir='ltr'><strong>tripudiat.</strong></span> <span class='ocrx_word' id='word_1_190' title='bbox 853 2569 944 2648; x_wconf 89' lang='lat' dir='ltr'><strong>Ideo</strong></span> <span class='ocrx_word' id='word_1_191' title='bbox 966 2568 1081 2646; x_wconf 91' lang='lat' dir='ltr'><strong>etiam</strong></span> <span class='ocrx_word' id='word_1_192' title='bbox 1103 2568 1267 2646; x_wconf 89' lang='lat' dir='ltr'><strong>Venetia</strong></span> <span class='ocrx_word' id='word_1_193' title='bbox 1291 2564 1471 2652; x_wconf 73' lang='lat' dir='ltr'><strong>,laudibus</strong></span> <span class='ocrx_word' id='word_1_194' title='bbox 1497 2587 1559 2643; x_wconf 85' lang='lat' dir='ltr'><strong>ex·</strong></span> 
     </span>
     <span class='ocr_line' id='line_1_23' title="bbox 217 2664 1561 2771; baseline 0.003 -32"><span class='ocrx_word' id='word_1_195' title='bbox 217 2712 248 2758; x_wconf 78' lang='lat'><strong>,‚</strong></span> <span class='ocrx_word' id='word_1_196' title='bbox 274 2664 447 2762; x_wconf 87' lang='lat' dir='ltr'><strong>tollitur,</strong></span> <span class='ocrx_word' id='word_1_197' title='bbox 472 2667 561 2768; x_wconf 89' lang='lat' dir='ltr'><strong>quia</strong></span> <span class='ocrx_word' id='word_1_198' title='bbox 589 2670 726 2771; x_wconf 84' lang='lat' dir='ltr'><strong>triplex</strong></span> <span class='ocrx_word' id='word_1_199' title='bbox 747 2667 938 2749; x_wconf 79' lang='lat' dir='ltr'><strong>funiculus</strong></span> <span class='ocrx_word' id='word_1_200' title='bbox 962 2669 1027 2748; x_wconf 88' lang='lat' dir='ltr'><strong>srbi</strong></span> <span class='ocrx_word' id='word_1_201' title='bbox 1050 2665 1102 2748; x_wconf 81' lang='lat' dir='ltr'><strong>eli</strong></span> <span class='ocrx_word' id='word_1_202' title='bbox 1121 2667 1349 2760; x_wconf 83' lang='lat' dir='ltr'><strong>exhibitus,</strong></span> <span class='ocrx_word' id='word_1_203' title='bbox 1378 2665 1449 2766; x_wconf 85' lang='lat' dir='ltr'><strong>&#39;qui</strong></span> <span class='ocrx_word' id='word_1_204' title='bbox 1477 2664 1561 2744; x_wconf 90' lang='lat' dir='ltr'><strong>nul·</strong></span> 
     </span>
     <span class='ocr_line' id='line_1_24' title="bbox 217 2761 1561 2871; baseline -0.01 -13"><span class='ocrx_word' id='word_1_205' title='bbox 217 2813 249 2858; x_wconf 73' lang='lat' dir='ltr'><strong>n</strong></span> <span class='ocrx_word' id='word_1_206' title='bbox 274 2761 398 2843; x_wconf 89' lang='lat' dir='ltr'><strong>lorum</strong></span> <span class='ocrx_word' id='word_1_207' title='bbox 421 2769 642 2847; x_wconf 87' lang='lat' dir='ltr'><strong>mortalium</strong></span> <span class='ocrx_word' id='word_1_208' title='bbox 663 2771 807 2868; x_wconf 87' lang='lat' dir='ltr'><strong>juribus</strong></span> <span class='ocrx_word' id='word_1_209' title='bbox 829 2770 1032 2871; x_wconf 83' lang='lat' dir='ltr'><strong>frangitur.</strong></span> <span class='ocrx_word' id='word_1_210' title='bbox 1060 2764 1561 2849; x_wconf 86' lang='lat' dir='ltr'><strong>Ellenimnoncanavineis</strong></span> 
     </span>
     <span class='ocr_line' id='line_1_25' title="bbox 216 2861 1561 2971; baseline 0.004 -32"><span class='ocrx_word' id='word_1_211' title='bbox 216 2913 244 2963; x_wconf 87' lang='lat'>„</span> <span class='ocrx_word' id='word_1_212' title='bbox 270 2886 469 2947; x_wconf 85' lang='lat' dir='ltr'><strong>contextus</strong></span> <span class='ocrx_word' id='word_1_213' title='bbox 497 2871 754 2968; x_wconf 70' lang='lat' dir='ltr'><strong>muneribus,</strong></span> <span class='ocrx_word' id='word_1_214' title='bbox 779 2861 967 2964; x_wconf 63' lang='lat' dir='ltr'><strong>sed‘Beati</strong></span> <span class='ocrx_word' id='word_1_215' title='bbox 991 2870 1118 2949; x_wconf 87' lang='lat' dir='ltr'><strong>Marci</strong></span> <span class='ocrx_word' id='word_1_216' title='bbox 1137 2868 1308 2971; x_wconf 83' lang='lat' dir='ltr'><strong>Apostoli</strong></span> <span class='ocrx_word' id='word_1_217' title='bbox 1330 2870 1367 2945; x_wconf 88' lang='grc'><strong>8(</strong></span> <span class='ocrx_word' id='word_1_218' title='bbox 1388 2868 1561 2967; x_wconf 85' lang='lat' dir='ltr'><strong>Evange-</strong></span> 
     </span>
    </p>
   </div>
   <div class='ocr_carea' id='block_1_7' title="bbox 218 2964 1704 3074">
    <p class='ocr_par' dir='ltr' id='par_1_8' title="bbox 218 2964 1704 3074">
     <span class='ocr_line' id='line_1_26' title="bbox 218 2964 1704 3074; baseline 0.004 -35"><span class='ocrx_word' id='word_1_219' title='bbox 218 3014 246 3064; x_wconf 82' lang='lat'>„</span> <span class='ocrx_word' id='word_1_220' title='bbox 273 2964 352 3045; x_wconf 88' lang='lat' dir='ltr'><strong>lille</strong></span> <span class='ocrx_word' id='word_1_221' title='bbox 375 3022 387 3063; x_wconf 92' lang='lat'><strong>,</strong></span> <span class='ocrx_word' id='word_1_222' title='bbox 424 2969 460 3047; x_wconf 91' lang='grc'><strong>8(</strong></span> <span class='ocrx_word' id='word_1_223' title='bbox 488 2971 737 3069; x_wconf 75' lang='lat' dir='ltr'><strong>preciosissimi</strong></span> <span class='ocrx_word' id='word_1_224' title='bbox 767 2971 1090 3074; x_wconf 88' lang='lat' dir='ltr'><strong>Prothomartyris</strong></span> <span class='ocrx_word' id='word_1_225' title='bbox 1115 2969 1330 3071; x_wconf 84' lang='lat' dir='ltr'><strong>Stephani,</strong></span> <span class='ocrx_word' id='word_1_226' title='bbox 1365 2969 1402 3046; x_wconf 91' lang='grc'><strong>8(</strong></span> <span class='ocrx_word' id='word_1_227' title='bbox 1430 2966 1578 3052; x_wconf 67' lang='lat' dir='ltr'><strong>Sancti,</strong></span> <span class='ocrx_word' id='word_1_228' title='bbox 1698 2989 1704 3002; x_wconf 82' lang='lat'>·</span> 
     </span>
    </p>
   </div>
   <div class='ocr_carea' id='block_1_8' title="bbox 214 3065 1565 4575">
    <p class='ocr_par' dir='ltr' id='par_1_9' title="bbox 214 3065 1565 4575">
     <span class='ocr_line' id='line_1_27' title="bbox 217 3065 1561 3170; baseline 0.003 -28"><span class='ocrx_word' id='word_1_229' title='bbox 217 3116 245 3165; x_wconf 87' lang='lat'>„</span> <span class='ocrx_word' id='word_1_230' title='bbox 271 3065 424 3147; x_wconf 83' lang='lat' dir='ltr'><strong>Nicolai</strong></span> <span class='ocrx_word' id='word_1_231' title='bbox 452 3070 704 3168; x_wconf 82' lang='lat' dir='ltr'><strong>Confessoris,</strong></span> <span class='ocrx_word' id='word_1_232' title='bbox 730 3074 986 3154; x_wconf 84' lang='lat' dir='ltr'><strong>consolidatus</strong></span> <span class='ocrx_word' id='word_1_233' title='bbox 1006 3073 1247 3169; x_wconf 84' lang='lat' dir='ltr'><strong>corporibus.</strong></span> <span class='ocrx_word' id='word_1_234' title='bbox 1275 3069 1329 3149; x_wconf 92' lang='lat' dir='ltr'><strong>Ut</strong></span> <span class='ocrx_word' id='word_1_235' title='bbox 1352 3066 1469 3170; x_wconf 88' lang='lat' dir='ltr'><strong>igitur</strong></span> <span class='ocrx_word' id='word_1_236' title='bbox 1491 3093 1561 3147; x_wconf 88' lang='lat' dir='ltr'><strong>nos</strong></span> 
     </span>
     <span class='ocr_line' id='line_1_28' title="bbox 215 3167 1559 3281; baseline 0.004 -39"><span class='ocrx_word' id='word_1_237' title='bbox 215 3215 244 3266; x_wconf 87' lang='lat'>„</span> <span class='ocrx_word' id='word_1_238' title='bbox 271 3167 367 3281; x_wconf 77' lang='lat' dir='ltr'><strong>tanti</strong></span> <span class='ocrx_word' id='word_1_239' title='bbox 388 3169 531 3254; x_wconf 90' lang='lat' dir='ltr'><strong>athlete</strong></span> <span class='ocrx_word' id='word_1_240' title='bbox 560 3174 635 3253; x_wconf 84' lang='lat' dir='ltr'><strong>Dei</strong></span> <span class='ocrx_word' id='word_1_241' title='bbox 664 3175 984 3273; x_wconf 84' lang='lat' dir='ltr'><strong>Prothomartyris</strong></span> <span class='ocrx_word' id='word_1_242' title='bbox 1006 3172 1188 3272; x_wconf 83' lang='lat' dir='ltr'><strong>suffragiis</strong></span> <span class='ocrx_word' id='word_1_243' title='bbox 1210 3170 1379 3266; x_wconf 85' lang='lat' dir='ltr'><strong>inveni,</strong></span> <span class='ocrx_word' id='word_1_244' title='bbox 1413 3170 1452 3248; x_wconf 92' lang='grc'><strong>8(</strong></span> <span class='ocrx_word' id='word_1_245' title='bbox 1475 3194 1559 3268; x_wconf 93' lang='lat' dir='ltr'><strong>pro·</strong></span> 
     </span>
     <span class='ocr_line' id='line_1_29' title="bbox 216 3265 1562 3384; baseline -0.007 -29"><span class='ocrx_word' id='word_1_246' title='bbox 216 3313 244 3364; x_wconf 73' lang='lat' dir='ltr'><strong>‚s</strong></span> <span class='ocrx_word' id='word_1_247' title='bbox 270 3265 370 3373; x_wconf 78' lang='lat' dir='ltr'><strong>drgia</strong></span> <span class='ocrx_word' id='word_1_248' title='bbox 393 3270 470 3368; x_wconf 85' lang='lat' dir='ltr'><strong>ejus</strong></span> <span class='ocrx_word' id='word_1_249' title='bbox 491 3327 506 3369; x_wconf 91' lang='lat'><strong>,</strong></span> <span class='ocrx_word' id='word_1_250' title='bbox 540 3298 654 3375; x_wconf 90' lang='lat' dir='ltr'><strong>atque</strong></span> <span class='ocrx_word' id='word_1_251' title='bbox 681 3277 863 3356; x_wconf 89' lang='lat' dir='ltr'><strong>miracula</strong></span> <span class='ocrx_word' id='word_1_252' title='bbox 885 3296 1101 3354; x_wconf 88' lang='lat' dir='ltr'><strong>reverenter</strong></span> <span class='ocrx_word' id='word_1_253' title='bbox 1122 3272 1380 3352; x_wconf 80' lang='lat' dir='ltr'><strong>admiremus.</strong></span> <span class='ocrx_word' id='word_1_254' title='bbox 1411 3270 1489 3384; x_wconf 34' lang='lat' dir='ltr'><strong>,Sed</strong></span> <span class='ocrx_word' id='word_1_255' title='bbox 1516 3289 1562 3346; x_wconf 92' lang='lat' dir='ltr'><strong>ur</strong></span> 
     </span>
     <span class='ocr_line' id='line_1_30' title="bbox 217 3366 1559 3479; baseline -0.004 -27"><span class='ocrx_word' id='word_1_256' title='bbox 217 3415 242 3457; x_wconf 77' lang='lat' dir='ltr'><strong>a</strong></span> <span class='ocrx_word' id='word_1_257' title='bbox 271 3366 344 3447; x_wconf 86' lang='lat' dir='ltr'><strong>hoe</strong></span> <span class='ocrx_word' id='word_1_258' title='bbox 369 3373 561 3454; x_wconf 87' lang='lat' dir='ltr'><strong>ardentius</strong></span> <span class='ocrx_word' id='word_1_259' title='bbox 588 3377 917 3479; x_wconf 80' lang='lat' dir='ltr'><strong>agereposstnrus,</strong></span> <span class='ocrx_word' id='word_1_260' title='bbox 943 3372 1243 3476; x_wconf 75' lang='lat' dir='ltr'><strong>propendemus,</strong></span> <span class='ocrx_word' id='word_1_261' title='bbox 1268 3395 1341 3471; x_wconf 88' lang='lat' dir='ltr'><strong>que</strong></span> <span class='ocrx_word' id='word_1_262' title='bbox 1369 3394 1474 3448; x_wconf 88' lang='lat' dir='ltr'><strong>nune</strong></span> <span class='ocrx_word' id='word_1_263' title='bbox 1496 3393 1559 3470; x_wconf 92' lang='lat' dir='ltr'><strong>po·</strong></span> 
     </span>
     <span class='ocr_line' id='line_1_31' title="bbox 218 3469 1562 3582; baseline 0.001 -36"><span class='ocrx_word' id='word_1_264' title='bbox 218 3514 250 3558; x_wconf 77' lang='lat'><strong>„</strong></span> <span class='ocrx_word' id='word_1_265' title='bbox 273 3489 426 3551; x_wconf 85' lang='lat' dir='ltr'><strong>ruerunt</strong></span> <span class='ocrx_word' id='word_1_266' title='bbox 447 3474 558 3564; x_wconf 90' lang='lat' dir='ltr'><strong>illum</strong></span> <span class='ocrx_word' id='word_1_267' title='bbox 583 3469 746 3582; x_wconf 78' lang='lat' dir='ltr'><strong>terrere,</strong></span> <span class='ocrx_word' id='word_1_268' title='bbox 772 3477 923 3579; x_wconf 79' lang='lat' dir='ltr'><strong>quando</strong></span> <span class='ocrx_word' id='word_1_269' title='bbox 944 3479 992 3555; x_wconf 85' lang='lat' dir='ltr'><strong>ab</strong></span> <span class='ocrx_word' id='word_1_270' title='bbox 1013 3501 1142 3555; x_wconf 88' lang='lat' dir='ltr'><strong>amore</strong></span> <span class='ocrx_word' id='word_1_271' title='bbox 1156 3473 1232 3552; x_wconf 88' lang='lat' dir='ltr'><strong>Dei</strong></span> <span class='ocrx_word' id='word_1_272' title='bbox 1259 3496 1349 3551; x_wconf 91' lang='lat' dir='ltr'><strong>eum</strong></span> <span class='ocrx_word' id='word_1_273' title='bbox 1369 3470 1445 3572; x_wconf 89' lang='lat' dir='ltr'><strong>ipsa</strong></span> <span class='ocrx_word' id='word_1_274' title='bbox 1458 3494 1562 3550; x_wconf 84' lang='lat' dir='ltr'><strong>mors</strong></span> 
     </span>
     <span class='ocr_line' id='line_1_32' title="bbox 219 3575 1565 3682; baseline -0.007 -25"><span class='ocrx_word' id='word_1_275' title='bbox 219 3616 246 3661; x_wconf 63' lang='lat' dir='ltr'><strong>a,</strong></span> <span class='ocrx_word' id='word_1_276' title='bbox 272 3596 348 3650; x_wconf 92' lang='lat' dir='ltr'><strong>non</strong></span> <span class='ocrx_word' id='word_1_277' title='bbox 376 3575 504 3656; x_wconf 82' lang='lat' dir='ltr'><strong>valuit</strong></span> <span class='ocrx_word' id='word_1_278' title='bbox 524 3577 756 3682; x_wconf 87' lang='lat' dir='ltr'><strong>prohibere.</strong></span> <span class='ocrx_word' id='word_1_279' title='bbox 783 3579 883 3658; x_wconf 87' lang='lat' dir='ltr'><strong>Ecce</strong></span> <span class='ocrx_word' id='word_1_280' title='bbox 911 3576 1099 3680; x_wconf 85' lang='lat' dir='ltr'><strong>lapidibus</strong></span> <span class='ocrx_word' id='word_1_281' title='bbox 1124 3575 1387 3667; x_wconf 88' lang='lat' dir='ltr'><strong>obruebatur,</strong></span> <span class='ocrx_word' id='word_1_282' title='bbox 1413 3597 1483 3652; x_wconf 87' lang='lat' dir='ltr'><strong>nee</strong></span> <span class='ocrx_word' id='word_1_283' title='bbox 1511 3590 1565 3649; x_wconf 86' lang='lat' dir='ltr'><strong>ta·</strong></span> 
     </span>
     <span class='ocr_line' id='line_1_33' title="bbox 217 3675 1561 3786; baseline -0.004 -33"><span class='ocrx_word' id='word_1_284' title='bbox 217 3717 246 3761; x_wconf 75' lang='lat' dir='ltr'><strong>n</strong></span> <span class='ocrx_word' id='word_1_285' title='bbox 271 3697 358 3752; x_wconf 87' lang='lat' dir='ltr'><strong>men</strong></span> <span class='ocrx_word' id='word_1_286' title='bbox 386 3678 433 3753; x_wconf 91' lang='lat' dir='ltr'><strong>ab</strong></span> <span class='ocrx_word' id='word_1_287' title='bbox 461 3678 675 3778; x_wconf 82' lang='lat' dir='ltr'><strong>intentione</strong></span> <span class='ocrx_word' id='word_1_288' title='bbox 703 3682 767 3759; x_wconf 85' lang='lat' dir='ltr'><strong>sua</strong></span> <span class='ocrx_word' id='word_1_289' title='bbox 794 3679 1045 3782; x_wconf 86' lang='lat' dir='ltr'><strong>predicando,</strong></span> <span class='ocrx_word' id='word_1_290' title='bbox 1070 3676 1260 3757; x_wconf 83' lang='lat' dir='ltr'><strong>&amp;orando</strong></span> <span class='ocrx_word' id='word_1_291' title='bbox 1271 3675 1561 3786; x_wconf 78' lang='lat' dir='ltr'><strong>removebatur.</strong></span> 
     </span>
     <span class='ocr_line' id='line_1_34' title="bbox 218 3769 1561 3889; baseline -0.009 -27"><span class='ocrx_word' id='word_1_292' title='bbox 218 3819 245 3862; x_wconf 69' lang='lat' dir='ltr'><strong>a</strong></span> <span class='ocrx_word' id='word_1_293' title='bbox 269 3769 444 3889; x_wconf 65' lang='lat' dir='ltr'><strong>Lapidari</strong></span> <span class='ocrx_word' id='word_1_294' title='bbox 472 3773 631 3880; x_wconf 74' lang='lat' dir='ltr'><strong>potuit,</strong></span> <span class='ocrx_word' id='word_1_295' title='bbox 668 3781 855 3883; x_wconf 89' lang='lat' dir='ltr'><strong>lapidibus</strong></span> <span class='ocrx_word' id='word_1_296' title='bbox 881 3781 992 3861; x_wconf 92' lang='lat' dir='ltr'><strong>obrui</strong></span> <span class='ocrx_word' id='word_1_297' title='bbox 1020 3777 1182 3880; x_wconf 89' lang='lat' dir='ltr'><strong>potuit,</strong></span> <span class='ocrx_word' id='word_1_298' title='bbox 1219 3775 1389 3877; x_wconf 90' lang='lat' dir='ltr'><strong>lapidum</strong></span> <span class='ocrx_word' id='word_1_299' title='bbox 1423 3771 1561 3852; x_wconf 72' lang='lat' dir='ltr'><strong>islrbus</strong></span> 
     </span>
     <span class='ocr_line' id='line_1_35' title="bbox 216 3876 1558 3986; baseline -0.006 -29"><span class='ocrx_word' id='word_1_300' title='bbox 216 3918 243 3982; x_wconf 71' lang='lat' dir='ltr'><strong>’r</strong></span> <span class='ocrx_word' id='word_1_301' title='bbox 270 3878 396 3986; x_wconf 61' lang='lat' dir='ltr'><strong>ocgrdi</strong></span> <span class='ocrx_word' id='word_1_302' title='bbox 415 3882 563 3984; x_wconf 88' lang='lat' dir='ltr'><strong>potuit,</strong></span> <span class='ocrx_word' id='word_1_303' title='bbox 590 3884 753 3985; x_wconf 87' lang='lat' dir='ltr'><strong>superari</strong></span> <span class='ocrx_word' id='word_1_304' title='bbox 778 3907 907 3962; x_wconf 85' lang='lat' dir='ltr'><strong>autent</strong></span> <span class='ocrx_word' id='word_1_305' title='bbox 927 3881 1037 3961; x_wconf 91' lang='lat' dir='ltr'><strong>nullo</strong></span> <span class='ocrx_word' id='word_1_306' title='bbox 1059 3879 1175 3960; x_wconf 90' lang='lat' dir='ltr'><strong>modo</strong></span> <span class='ocrx_word' id='word_1_307' title='bbox 1197 3876 1339 3956; x_wconf 82' lang='lat' dir='ltr'><strong>valuit.</strong></span> <span class='ocrx_word' id='word_1_308' title='bbox 1368 3876 1558 3974; x_wconf 85' lang='lat' dir='ltr'><strong>Magnum</strong></span> 
     </span>
     <span class='ocr_line' id='line_1_36' title="bbox 214 3971 1560 4092; baseline -0.011 -29"><span class='ocrx_word' id='word_1_309' title='bbox 214 4020 242 4063; x_wconf 73' lang='grc' dir='ltr'><strong><em>υ</em></strong></span> <span class='ocrx_word' id='word_1_310' title='bbox 267 3971 342 4090; x_wconf 64' lang='lat' dir='ltr'><strong>est,</strong></span> <span class='ocrx_word' id='word_1_311' title='bbox 367 3977 467 4078; x_wconf 91' lang='lat' dir='ltr'><strong>quod</strong></span> <span class='ocrx_word' id='word_1_312' title='bbox 494 4009 583 4062; x_wconf 86' lang='lat' dir='ltr'><strong>cum</strong></span> <span class='ocrx_word' id='word_1_313' title='bbox 606 3981 857 4086; x_wconf 85' lang='lat' dir='ltr'><strong>lapidaretur,</strong></span> <span class='ocrx_word' id='word_1_314' title='bbox 883 3983 992 4063; x_wconf 88' lang='lat' dir='ltr'><strong>sortis</strong></span> <span class='ocrx_word' id='word_1_315' title='bbox 1003 3978 1277 4081; x_wconf 86' lang='lat' dir='ltr'><strong>perseveravit,</strong></span> <span class='ocrx_word' id='word_1_316' title='bbox 1304 3975 1560 4092; x_wconf 77' lang='lat' dir='ltr'><strong>sedistudma-</strong></span> 
     </span>
     <span class='ocr_line' id='line_1_37' title="bbox 214 4075 1561 4190; baseline -0.009 -26"><span class='ocrx_word' id='word_1_317' title='bbox 214 4115 242 4164; x_wconf 71' lang='lat' dir='ltr'><strong>n</strong></span> <span class='ocrx_word' id='word_1_318' title='bbox 269 4100 417 4158; x_wconf 87' lang='lat' dir='ltr'><strong>xrmum</strong></span> <span class='ocrx_word' id='word_1_319' title='bbox 445 4081 531 4186; x_wconf 75' lang='lat' dir='ltr'><strong>est,</strong></span> <span class='ocrx_word' id='word_1_320' title='bbox 545 4087 646 4185; x_wconf 77' lang='lat' dir='ltr'><strong>quod</strong></span> <span class='ocrx_word' id='word_1_321' title='bbox 666 4085 766 4165; x_wconf 89' lang='lat' dir='ltr'><strong>inter</strong></span> <span class='ocrx_word' id='word_1_322' title='bbox 784 4085 883 4185; x_wconf 88' lang='lat' dir='ltr'><strong>ipsos</strong></span> <span class='ocrx_word' id='word_1_323' title='bbox 903 4082 1070 4187; x_wconf 87' lang='lat' dir='ltr'><strong>lapidum</strong></span> <span class='ocrx_word' id='word_1_324' title='bbox 1090 4080 1186 4161; x_wconf 80' lang='lat' dir='ltr'><strong>inus</strong></span> <span class='ocrx_word' id='word_1_325' title='bbox 1208 4078 1418 4172; x_wconf 85' lang='lat' dir='ltr'><strong>exultavrt,</strong></span> <span class='ocrx_word' id='word_1_326' title='bbox 1432 4075 1481 4190; x_wconf 81' lang='grc'><strong>8(</strong></span> <span class='ocrx_word' id='word_1_327' title='bbox 1493 4099 1561 4176; x_wconf 88' lang='lat' dir='ltr'><strong>pro</strong></span> 
     </span>
     <span class='ocr_line' id='line_1_38' title="bbox 218 4169 1562 4290; baseline -0.009 -27"><span class='ocrx_word' id='word_1_328' title='bbox 218 4224 246 4267; x_wconf 68' lang='lat' dir='ltr'><strong>a&gt;</strong></span> <span class='ocrx_word' id='word_1_329' title='bbox 271 4169 570 4288; x_wconf 80' lang='lat' dir='ltr'><strong>persecutoribps</strong></span> <span class='ocrx_word' id='word_1_330' title='bbox 591 4186 761 4265; x_wconf 84' lang='lat' dir='ltr'><strong>exoravit</strong></span> <span class='ocrx_word' id='word_1_331' title='bbox 775 4183 790 4262; x_wconf 71' lang='lat'><strong>.&#39;</strong></span> <span class='ocrx_word' id='word_1_332' title='bbox 812 4191 975 4288; x_wconf 85' lang='lat' dir='ltr'><strong>Oquam</strong></span> <span class='ocrx_word' id='word_1_333' title='bbox 1002 4179 1234 4264; x_wconf 82' lang='lat' dir='ltr'><strong>constans&amp;</strong></span> <span class='ocrx_word' id='word_1_334' title='bbox 1257 4175 1460 4290; x_wconf 79' lang='lat' dir='ltr'><strong>sorrisfurt</strong></span> <span class='ocrx_word' id='word_1_335' title='bbox 1475 4173 1562 4254; x_wconf 87' lang='lat' dir='ltr'><strong>Pro·</strong></span> 
     </span>
     <span class='ocr_line' id='line_1_39' title="bbox 217 4273 1563 4394; baseline -0.004 -39"><span class='ocrx_word' id='word_1_336' title='bbox 217 4324 243 4369; x_wconf 82' lang='lat'>„</span> <span class='ocrx_word' id='word_1_337' title='bbox 270 4280 517 4388; x_wconf 84' lang='lat' dir='ltr'><strong>thontartyris</strong></span> <span class='ocrx_word' id='word_1_338' title='bbox 543 4285 771 4388; x_wconf 86' lang='lat' dir='ltr'><strong>infirmitas!</strong></span> <span class='ocrx_word' id='word_1_339' title='bbox 797 4313 823 4363; x_wconf 93' lang='lat' dir='ltr'><strong>o</strong></span> <span class='ocrx_word' id='word_1_340' title='bbox 843 4311 957 4389; x_wconf 89' lang='lat' dir='ltr'><strong>quam</strong></span> <span class='ocrx_word' id='word_1_341' title='bbox 990 4283 1128 4364; x_wconf 72' lang='lat' dir='ltr'><strong>viiirix</strong></span> <span class='ocrx_word' id='word_1_342' title='bbox 1160 4281 1232 4360; x_wconf 90' lang='lat' dir='ltr'><strong>suit</strong></span> <span class='ocrx_word' id='word_1_343' title='bbox 1255 4304 1348 4394; x_wconf 77' lang='lat' dir='ltr'><strong>pene</strong></span> <span class='ocrx_word' id='word_1_344' title='bbox 1370 4276 1475 4391; x_wconf 78' lang='lat' dir='ltr'><strong>illius</strong></span> <span class='ocrx_word' id='word_1_345' title='bbox 1501 4273 1563 4350; x_wconf 89' lang='lat' dir='ltr'><strong>ad·</strong></span> 
     </span>
     <span class='ocr_line' id='line_1_40' title="bbox 221 4379 1563 4492; baseline -0.017 -20"><span class='ocrx_word' id='word_1_346' title='bbox 221 4429 247 4483; x_wconf 73' lang='lat' dir='ltr'><strong>a,</strong></span> <span class='ocrx_word' id='word_1_347' title='bbox 277 4383 422 4474; x_wconf 69' lang='lat' dir='ltr'><strong>versatas</strong></span> <span class='ocrx_word' id='word_1_348' title='bbox 441 4387 504 4467; x_wconf 77' lang='lat' dir='ltr'><strong>l&#39;o</strong></span> <span class='ocrx_word' id='word_1_349' title='bbox 527 4412 641 4490; x_wconf 88' lang='lat' dir='ltr'><strong>quam</strong></span> <span class='ocrx_word' id='word_1_350' title='bbox 672 4385 905 4492; x_wconf 79' lang='lat' dir='ltr'><strong>dominatrix</strong></span> <span class='ocrx_word' id='word_1_351' title='bbox 932 4381 1261 4488; x_wconf 82' lang='lat' dir='ltr'><strong>&amp;triumphatrix</strong></span> <span class='ocrx_word' id='word_1_352' title='bbox 1294 4379 1366 4460; x_wconf 88' lang='lat' dir='ltr'><strong>surr</strong></span> <span class='ocrx_word' id='word_1_353' title='bbox 1397 4402 1476 4490; x_wconf 72' lang='lat' dir='ltr'><strong>erus</strong></span> <span class='ocrx_word' id='word_1_354' title='bbox 1503 4397 1563 4473; x_wconf 89' lang='lat' dir='ltr'><strong>pa·</strong></span> 
     </span>
     <span class='ocr_line' id='line_1_41' title="bbox 1388 4497 1517 4575; baseline -0.008 -20"><span class='ocrx_word' id='word_1_355' title='bbox 1388 4497 1517 4575; x_wconf 86' lang='lat' dir='ltr'><strong>„tren-</strong></span> 
     </span>
    </p>
   </div>
   <div class='ocr_carea' id='block_1_9' title="bbox 0 0 1972 5342">
    <p class='ocr_par' dir='ltr' id='par_1_10' title="bbox 0 0 1972 5342">
     <span class='ocr_line' id='line_1_42' title="bbox 0 0 1972 5342; baseline 0 5"><span class='ocrx_word' id='word_1_356' title='bbox 0 0 1972 5342; x_wconf 95' lang='lat' dir='ltr'><strong> </strong></span> 
     </span>
    </p>
   </div>
  </div>
 </body>
</html>
