3934 5342
471 389 1284 481 &Frtaucrsctnvrtr‘am‘
1425 393 1478 507 59

207 545 249 626 in
275 571 388 626 unam
412 539 554 643 locam,
579 545 632 627 d
651 537 753 623 onis
777 537 941 621 omnium
960 596 974 641 ,
993 539 1104 643 saper
1128 538 1194 621 hoc
1219 537 1416 623 intellcliis
1441 548 1543 648 Apo

206 649 338 730 dolica
362 648 594 727 authoritate
616 650 833 728 decerneret
860 641 934 739 a,
994 641 1064 721 aaa
1088 641 1223 741 majori
1251 643 1355 743 parti
1382 642 1544 746 ipsarum

202 741 353 849 placere
374 748 628 852 compererit,
652 748 666 845 l
678 747 733 846 Β)
756 744 898 860 Elaplrs
922 671 1010 859 inie
1036 769 1059 822 a
1082 745 1167 823 data
1195 747 1304 845 hujus
1327 746 1544 849 diplomatis

208 854 354 930 duobus
380 854 487 929 aunis
514 850 708 951 praeliciat
734 845 908 927 Pontifex
934 847 1099 942 Suros,
1129 845 1222 926 alias
1247 848 1294 925 ad
1320 847 1543 949 Mapharum

208 951 463 1031 Patriarcham
490 953 633 1031 litteras
659 948 792 1046 dedit,
817 946 878 1028 die
904 946 1070 1125 mlunii
1105 971 1206 1026 anno
1232 948 1545 1059 Moenoenum,

236 1053 346 1132 uibus
372 1052 560 1149 decrevit,
587 1072 630 1132 ut
650 1072 719 1150 per
741 1057 881 1128 Sorores
898 1048 947 1148 sa
991 1042 1304 1127 conventualibus
1327 1074 1461 1127 otverc
1480 1076 1544 1127 vo

207 1077 328 1231 irrites
353 1180 428 1230 ana
449 1146 501 1232 eli
524 1173 643 1234 eretur
664 1148 862 1255 Ministro,
881 1170 949 1248 per
967 1157 1111 1229 Sorores
1129 1176 1218 1228 veru
1229 1148 1545 1251 subobsetvanti·

210 1251 274 1366 bus
294 1251 428 1365 nivere
446 1181 635 1352 veientes,
662 1248 740 1331 alia
768 1244 961 1361 eligeretur
979 1247 1179 1363 Ministro,
1199 1247 1393 1351 unicuique
1409 1273 1544 1364 autern

209 1359 313 1432 Mam
342 1381 391 1432 rae
414 1355 633 1434 facultatem
660 1353 786 1451 dedit,
806 1351 958 1452 petendi
981 1372 1214 1432 vitiatorem
1233 1373 1299 1449 pto
1325 1351 1547 1450 corrigendis

209 1481 295 1533 exce
321 1452 428 1533 rbus.
465 1454 554 1555 (C)
578 1457 664 1536 Nec
691 1475 818 1535 tamen
844 1477 892 1535 ex
920 1451 978 1531 his
1014 1452 1056 1532 in
1084 1457 1116 1532 A
1172 1451 1304 1532 stolico
1337 1452 1546 1553 diplomate

210 1554 354 1637 statutis
378 1555 638 1638 controverlia
662 1556 856 1658 dirempta
882 1554 992 1650 sunt,
1016 1552 1108 1656 siqui
1159 1578 1196 1632 m
1223 1579 1325 1632 anno
1346 1553 1462 1632 Muv.
1482 1551 1545 1634 die

210 1678 306 1736 xxti.
334 1655 494 1758 Augulli
522 1656 716 1759 utriusque
744 1654 952 1750 Ministro,
978 1655 1015 1734 de
1041 1653 1237 1755 utriusque
1263 1677 1385 1735 coetus
1410 1656 1548 1735 Proca

209 1777 352 1837 ratores
364 1754 545 1859 judicem
571 1755 775 1853 arbitram,
797 1752 1114 1836 dannatum
1131 1751 1433 1835 &amicabilem
1452 1781 1549 1834 com·

201 1878 250 1956 po
265 1879 396 1938 rturrm
428 1859 464 1938 el
515 1880 626 1939 erunt
671 1858 956 1957 Hieronymum
994 1855 1240 1935 Trivisanum
1278 1859 1469 1938 Abbatem
1506 1858 1543 1935 S.

280 1984 377 2040 omn
413 1961 459 2042 de
519 1958 853 2061 urgundtonibus‚
887 1955 954 2058 qui
980 1981 1002 2034 a
1028 1956 1122 2036 Sede
1148 1956 1364 2058 Apostoliea
1401 1958 1547 2059 pridem

208 2059 433 2140 constitutus
469 2059 588 2139 fuerat
624 2063 731 2162 super
759 2056 1016 2155 huiuscemodi
1042 2057 1131 2138 liter
1153 2059 1274 2158 Judex
1303 2059 1548 2160 Delegatut.

210 2161 301 2259 (D)
327 2155 599 2263 Absoltrtoriam
634 2160 674 2238 in
702 2159 877 2260 savorem
903 2155 1119 2262 Ministro,
1153 2156 1205 2238 d
1231 2167 1400 2237 sornam
1424 2152 1549 2237 Tertii

208 2257 356 2342 Ordinis
376 2270 413 2343 S.
437 2260 625 2363 francisci
652 2261 698 2341 tle
718 2255 999 2361 &set-vanna,
1030 2256 1081 2338 U
1106 2280 1233 2338 contra
1254 2256 1469 2363 Minissram
1494 2261 1547 2339 0⁴

208 2367 351 2440 Sorores
370 2362 496 2442 Tertii
514 2361 661 2442 Ordinis
684 2372 722 2441 S.
733 2359 921 2460 francisci
940 2355 1211 2440 conventuales
1231 2361 1454 2441 sententiam
1492 2386 1550 2438 ro·

207 2462 299 2542 tulit
327 2464 588 2565 Hieronymus
615 2466 745 2544 Abbas
766 2463 1012 2578 Trivisanum
1038 2485 1086 2542 eo
1112 2483 1282 2564 tempore
1308 2388 1548 2563 electuripi·

208 2562 342 2661 scopus
376 2563 681 2660 Cremonenlis,
713 2587 837 2742 apua
872 2587 962 2643 cum
999 2563 1179 2644 Sororum
1215 2563 1549 2644 conventualium

206 2663 370 2743 nomine
393 2665 440 2743 ad
465 2666 603 2744 Sedena
626 2664 769 2765 Apollo
785 2664 883 2743 icam
909 2665 1139 2764 appellatum
1165 2661 1314 2760 luisset,
1335 2663 1471 2744 deinde

208 2762 496 2844 Procuratorem
523 2766 685 2866 ipsarum
711 2763 993 2868 instrumentum
1016 2762 1229 2866 remifflottir
1252 2763 1361 2844 aicta
1388 2785 1478 2863 appe
1492 2757 1548 2841 la*

205 2860 317 2942 rimis
342 2864 557 2945 consectam
583 2864 659 2960 est,
684 2865 748 2945 cui
773 2865 927 2966 quidem
964 2863 1218 2946 instrumento
1251 2867 1431 2946 allenium
1459 2889 1549 2966 prae-

208 2965 372 3044 buerunt
398 2966 460 3045 die
487 2969 586 3044 vnn
606 2966 705 3045 Maii
731 2991 833 3047 auno
859 2966 1029 3046 Movrtr.
1056 2967 1210 3046 Sorores
1236 2966 1362 3048 Tertii
1389 2964 1550 3046 Ordinis

206 3065 540 3147 Conventualium'
565 3065 866 3169 congregatae‘in
892 3065 1058 3149 Ecclesia
1083 3075 1120 3146 S.
1142 3066 1277 3149 Maria
1302 3075 1444 3150 Domm
1463 3072 1547 3146 Ma·

202 3191 288 3264 gna
309 3173 486 3246 Fratrum
506 3167 695 3247 Minaeum
717 3167 824 3269 (E).
884 3247 892 3258 ,
1313 3179 1316 3186 ‘

258 3268 345 3347 Nec
371 3289 500 3349 tamen
526 3292 572 3348 ex
600 3290 659 3348 tot
684 3267 879 3349 sententiis
902 3266 1034 3347 omnia
1060 3267 1226 3368 poenitns
1259 3265 1402 3348 diffidit
1428 3265 1547 3346 subla·

207 3388 247 3447 ta
273 3367 427 3447 fuerunt
457 3391 580 3469 ,qua
606 3392 647 3450 ut
673 3393 722 3449 et
748 3371 897 3471 integro
922 3367 1117 3449 dirimeret
1143 3369 1266 3469 Julius
1293 3371 1345 3447 11.
1370 3368 1465 3448 datis
1484 3365 1547 3445 die

208 3489 309 3546 xxrr.
335 3469 436 3549 Maii
455 3495 561 3550 anno
580 3469 750 3549 Muvtrr.
787 3467 962 3552 Antonio
988 3468 1149 3548 Suriauo
1176 3467 1399 3550 Patriarcha
1428 3470 1549 3547 Vene-

208 3568 349 3651 tiaram
373 3575 408 3649 A
490 3571 601 3651 olicis
626 3572 787 3668 litteris,
812 3571 937 3650 multa
962 3568 1158 3666 decrevit,
1181 3593 1229 3650 ex
1254 3570 1396 3673 quibus
1419 3565 1548 3648 omnia

198 3664 372 3769 fomenta
422 3669 648 3774 iffensmttum
671 3670 724 3752 Θ
764 3666 1002 3751 candalum
1015 3668 1347 3773 submitterentur(
1356 3672 1412 3770 F)

256 3769 351 3851 Hac
378 3772 498 3852 veluti
524 3774 610 3853 data
635 3801 725 3856 occa
742 3798 829 3856 rone
857 3771 970 3854 libuit
996 3770 1153 3871 afferre,
1177 3773 1374 3875 quamvis,
1401 3772 1469 3873 (ut
1491 3770 1548 3849 su·

207 3871 335 3985 petius
358 3872 502 3953 tinum
527 3874 655 3973 est‚)
687 3877 894 3977 cltplomata
920 3873 958 3953 8<
983 3874 1214 3955 documenta
1238 3873 1407 3975 superius
1430 3897 1548 3951 enun-

208 3990 337 4067 tiata,
369 3975 494 4072 potius
518 3977 565 4054 ad
591 3979 746 4057 Sorooes
770 3977 810 4058 io
837 3975 997 4078 privatis
1021 3976 1162 4056 adibus
1187 3977 1399 4077 degentes,
1432 3997 1547 4073 quam

206 4070 256 4154 ad
280 4073 464 4179 Collegia
486 4076 669 4160 Sororum
704 4073 999 4161 conviventium
1034 4078 1223 4180 pertinere
1258 4074 1548 4179 dignoscantur.

1018 4479 1058 4561 H
1111 4507 1134 4560 2
1213 4535 1215 4540 «
1379 4472 1506 4555 Sixtat
