3934 5342
498 335 555 442 Q
744 334 844 419 Du
911 335 1478 424 Monrsnrnao

429 459 632 564 simulacro
655 480 697 560 in
720 483 838 564 latere
865 485 1063 569 exterioris
1089 485 1300 589 prospesius
1321 486 1656 589 Ecctefiaeereuo,
1683 490 1772 574 Mo

432 581 545 667 nachi
571 584 610 663 in
636 583 733 685 grati
759 583 879 666 animi
906 585 1166 670 testimonium
1191 588 1296 691 affigi
1315 610 1566 671 curaverunt.

873 850 1371 928 MEMORIA*

483 1143 511 1186 „
537 1090 703 1174 Tribuni
734 1091 858 1175 Mem-i
886 1087 1024 1195 optimi
1052 1083 1201 1187 Ducis,
1223 1086 1289 1194 qui
1308 1092 1472 1192 *saumas
1498 1096 1545 1177 ab
1574 1096 1665 1178 urbe
1692 1094 1774 1201 pub

424 1228 461 1289 ·„
486 1191 554 1288 su,
581 1194 669 1273 inde
705 1197 862 1276 Ottonis
889 1186 1052 1274 Secundi
1089 1191 1246 1307 Cesaris
1281 1194 1373 1275 odio
1409 1197 1771 1300 inRempublicam

433 1345 461 1389 „
486 1293 646 1376 mirifice
672 1297 808 1391 eluso,
834 1298 878 1377 de
907 1295 1036 1376 eadent
1065 1311 1196 1394 utrque
1224 1297 1475 1394 promeritus,
1501 1320 1542 1376 ut
1571 1321 1775 1399 aternam,

383 1393 405 1482 ἰ
432 1420 644 1498 „eamque
670 1397 873 1480 certiorem
897 1394 1163 1495 adipisceretur
1189 1395 1375 1495 gloriam:
1399 1397 1774 1501 abdicatolmperio:

432 1545 460 1590 „
484 1495 584 1578 hanc
611 1498 777 1579 Insulam
806 1500 1026 1578 Monachus
1052 1494 1238 1591 incoluit,
1264 1523 1378 1599 quam
1406 1500 1508 1600 ptius
1528 1501 1693 1597 eiusdem
1718 1501 1772 1581 in·

430 1646 460 1691 „
484 1596 604 1676 iiituti
632 1598 723 1680 viris
751 1599 810 1701 pie
837 1599 1005 1701 legavit,
1031 1596 1136 1675 Idem
1163 1597 1259 1696 grati
1286 1598 1404 1679 animi
1431 1626 1523 1702 ergo
1550 1605 1591 1681 P,
1603 1605 1640 1680 P.
1667 1611 1773 1688 roro

492 1698 545 1774 La
576 1699 627 1776 'di
662 1701 877 1784 adversatur
905 1698 1106 1779 Dandulus
1144 1696 1184 1776 in
1212 1699 1448 1798 Chronica,
1485 1702 1551 1781 ubi
1578 1703 1645 1782 lib.
1667 1705 1775 1783 v111.

299 1855 302 1860 -
431 1820 509 1899 cap.
573 1802 658 1880 VII.
679 1827 753 1903 par.
777 1804 883 1882 X-VI.
910 1801 1130 1880 Tribunum
1159 1800 1379 1880 Memmum
1406 1803 1527 1882 asserit
1554 1800 1780 1903 infirmitate

433 1897 637 1997 confodiunt
661 1902 788 2003 potius
813 1924 960 2003 cogente
977 1888 1108 1999 populo
1127 1905 1283 1997 Veneto,
1308 1927 1421 2003 quam
1448 1897 1661 1982 voluntarie
1689 1906 1775 1984 Mo·

431 2001 596 2080 nachum
624 2003 841 2083 ordinatum
884 2004 988 2082 suisie
1015 2001 1055 2079 in
1081 1999 1302 2103 monasterio
1328 2013 1363 2080 5.
1391 2000 1619 2101 Zacharia,
1644 2005 1774 2106 ibique

430 2098 512 2198 posi
539 2101 600 2179 sex
627 2103 706 2185 dies
733 2103 887 2200 obiisse,
913 2106 950 2183 8(
976 2103 1163 2184 ineodem
1179 2101 1415 2183 Monasierio
1442 2107 1675 2186 tumulatum
1688 2105 1774 2184 suis-

430 2200 499 2278 ie.
535 2204 563 2245 “
590 2205 877 2285 Tertiodecimo
913 2206 968 2283 sui
998 2205 1170 2283 Ducatus
1197 2230 1298 2285 anno
1326 2205 1389 2284 bio
1417 2207 1509 2283 Dux
1539 2206 1777 2286 Mauricium

430 2353 457 2396 „
483 2300 607 2382 filium
634 2307 742 2385 suum
771 2305 869 2387 misit
896 2307 943 2386 ad
968 2299 1183 2401 Basilium,
1220 2306 1579 2386 &Constantinum
1608 2311 1773 2410 Impera·

429 2454 461 2496 „
483 2421 583 2484 tores
608 2407 1079 2508 Constantinopolitanos,
1106 2427 1149 2487 ut
1175 2432 1405 2508 congruam,
1431 2429 1542 2509 atque
1571 2409 1775 2488 honorabi-

426 2555 459 2601 „
481 2505 558 2583 lem
584 2507 707 2590 sedem
736 2508 947 2590 obtineret.
976 2513 1074 2608 Quo
1097 2534 1200 2587 anno
1223 2509 1314 2587 Dux
1337 2507 1557 2590 infirmitate
1580 2509 1796 2591 corseone·

428 2657 458 2700 „
483 2606 701 2690 Monachus
727 2610 922 2690 ordinatus
948 2608 1000 2688 est
1026 2611 1067 2689 in
1096 2608 1330 2689 Monasietio
1357 2612 1392 2689 S.
1415 2610 1642 2707 Zachariae,
1668 2612 1773 2710 quod

426 2758 457 2802 „
481 2732 559 2787 non
585 2710 801 2791 voluntarie
829 2710 950 2792 iecisse
977 2710 1178 2806 scribitur,
1204 2712 1264 2788 sed
1291 2732 1453 2811 cogente
1481 2711 1623 2811 populo
1651 2713 1774 2791 Vene·
1859 2713 1862 2716 ’

426 2859 455 2903 „
481 2828 544 2903 to,
572 2808 702 2911 ibique
730 2812 808 2911 post
829 2833 883 2892 v1.
912 2813 991 2891 dies
1017 2811 1141 2908 obiit,
1167 2812 1204 2889 8<
1232 2812 1271 2890 in
1295 2813 1429 2890 eodem
1459 2811 1692 2891 Monasierio
1715 2834 1773 2916 tu·

426 2960 455 3001 „
480 2910 648 2989 mulatus
674 2911 746 2991 est.
773 2914 952 2993 “Eadem
981 2916 1127 3012 prorsus
1154 2911 1264 2992 affert
1282 2911 1581 3012 antiquiffimum
1605 2914 1773 2994 Chroni-

424 3033 500 3088 con
535 3010 717 3109 Altinae,
752 3016 857 3115 quod
884 3014 1038 3115 Joannis
1065 3011 1266 3114 Sagornini
1304 3014 1461 3092 nornine
1488 3013 1775 3094 circumfertur.

425 3161 451 3206 „
479 3113 597 3191 Anno
624 3138 715 3192 vero
742 3138 831 3193 x111.
869 3118 924 3194 sui
953 3118 1126 3196 Ducatus
1154 3114 1254 3194 idern
1282 3114 1376 3193 Dux
1399 3114 1636 3193 Mauricium
1663 3118 1774 3196 suum

423 3263 452 3305 „
477 3208 603 3292 filium
629 3209 1011 3319 Constantinopolim
1038 3219 1221 3314 mittent,
1247 3215 1358 3318 ipsa,
1384 3216 1588 3318 eademque
1617 3217 1773 3296 infirmi-

423 3363 450 3407 „
477 3331 554 3394 tate
582 3315 791 3413 detentus,
818 3319 880 3397 sert
907 3318 1040 3414 diebus
1067 3343 1146 3400 non
1174 3319 1237 3396 sua
1263 3316 1431 3419 sponte,
1456 3317 1517 3397 sed
1545 3320 1685 3418 populo
1712 3345 1780 3411 co-.·‚
1822 3347 1828 3359 ·

424 3465 450 3508 „
477 3435 593 3511 gente
620 3439 821 3518 antequam
852 3420 1032 3501 ultimum
1054 3421 1130 3504 ,fibi
1157 3419 1464 3520 obscuresceret,
1486 3419 1714 3534 Monachus·
1731 3418 1776 3509 in

423 3567 450 3609 „
476 3516 512 3591 S.
534 3516 727 3598 Zacharia
753 3520 950 3600 Coenobio
977 3521 1131 3614 effodias
1158 3520 1230 3614 esi.
1260 3519 1410 3600 Praefuit
1437 3519 1779 3622 auteanenetrcio

422 3666 448 3712 „
475 3615 585 3696 annis
606 3641 695 3698 xrtr.
723 3619 975 3705 &mensibus
1001 3623 1190 3724 quinque.
1218 3617 1469 3726 Sepultutque
1496 3619 1548 3702 eli
1575 3622 1615 3702 in
1637 3622 1778 3703 eodem

418 3768 446 3811 „
478 3714 736 3800 Monasterio.
1303 3787 1307 3804 .
1364 3737 1398 3820 J

474 3818 618 3919 Neque
640 3847 756 3921 vera,
782 3825 874 3907 iicet
902 3825 1093 3907 ciarisfimi
1120 3823 1242 3905 Ducis
1269 3817 1554 3923 Monachatus,
1579 3817 1697 3906 adteri
1714 3825 1778 3902 seu

413 3915 687 4019 Monasterio,
715 3925 778 4006 seu
806 3928 972 4030 hospitio
999 3927 1260 4026 adjudicetur,
1286 3927 1442 4028 Joannir
1466 3926 1634 4007 maxima
1655 3926 1779 4028 gloria

421 4041 472 4095 ex
498 4018 593 4102 filiis.
616 4023 778 4123 deficit,
813 4032 956 4131 quippe
979 4030 1047 4131 qui
1075 4031 1285 4132 Gerardunr
1314 4028 1518 4130 Sagredum
1547 4030 1779 4130 Episcopum

419 4117 716 4225 sinaissrmum,
739 4128 776 4208 8<
803 4154 1010 4234 martyrem
1040 4130 1080 4208 in
1109 4129 1387 4212 Monasteriurn
1417 4131 1601 4230 excepit,
1629 4128 1778 4207 babitu-

420 4243 497 4321 que
534 4223 684 4308 sanda.
703 4230 903 4331 religionis
937 4233 1119 4328 indutum
1158 4232 1198 4312 in
1226 4230 1778 4410 consorti-unrhionachogunr

856 4345 861 4352 .
1668 4356 1688 4410 a
1717 4377 1731 4392 .
