3934 5342
517 337 915 425 Donus
1007 334 1234 422 Dar.
1401 354 1477 450 321

194 487 380 578 cerddtali
406 488 588 593 dignitate
623 487 824 591 infignitus
850 491 938 572 esset
963 490 1126 572 Abbatis
1162 491 1277 572 etiam
1305 492 1422 575 titulo
1449 494 1542 573 nun·

114 626 118 631 ’
197 620 313 698 quam
340 593 618 696 appellabatur,
643 594 718 672 alia
744 617 837 672 vero
863 616 928 693 per
954 592 1072 672 laicos
1099 591 1204 672 viros
1221 595 1337 675 etiam
1349 595 1544 678 matrimo-

199 697 268 781 nio
293 695 439 797 iundtos
463 696 714 796 regebantur,
738 694 803 795 qui
831 693 896 774 ersr
921 692 1247 773 insacularistaeu
1269 698 1467 798 degerent,
1489 722 1548 775 ra·

201 799 310 881 none
335 816 465 877 tamen
490 795 610 879 officii
626 798 796 890 Fratres,
822 792 1071 893 &Redintem
1098 795 1161 873 seu
1189 795 1335 876 Priores
1362 802 1549 878 vocabam·

200 919 286 981 tur.
313 900 472 1000 Quanta
497 919 626 978 autem
651 896 771 998 aliqui
799 894 840 977 in
865 921 914 977 eo
938 921 1098 978 munere
1113 895 1273 977 Christo
1298 899 1551 978 deservientes

201 998 400 1080 nouitate
426 1000 625 1081 floruerint
652 998 747 1080 Aua
774 996 986 1079 seruorum
1012 999 1228 1097 testantur,
1253 1022 1335 1102 qua
1363 1019 1446 1079 tum
1474 1004 1553 1079 An·

202 1101 434 1200 tuerpienses
461 1101 597 1203 biogra
624 1100 665 1180 hi
692 1125 739 1182 ex
764 1124 993 1203 quocunque
1020 1101 1149 1198 statu,
1185 1122 1267 1181 tunt
1296 1100 1554 1183 Mabillonius
1582 1138 1585 1143 ·

202 1225 253 1282 ex
279 1192 526 1281 Benedidiino
552 1128 726 1282 inlitum
751 1204 1012 1305 protulerunt.
1040 1202 1230 1305 Quamvis
1252 1222 1380 1281 autern
1406 1201 1448 1281 in
1470 1226 1558 1303 qua·

205 1312 359 1419 'cunque
385 1302 501 1383 Orbis
521 1301 734 1384 Christiani
759 1302 915 1407 regione
940 1304 1084 1385 {aculis
1110 1303 1198 1382 1111.
1224 1302 1262 1382 dc
1288 1302 1395 1383 X111.
1435 1302 1559 1399 hujue

207 1405 315 1483 mods
342 1428 454 1505 opera
476 1404 746 1488 misericordia
771 1408 975 1503 florerent,
1001 1405 1188 1508 praecipue
1216 1425 1344 1484 tamen
1371 1406 1470 1505 apud
1482 1406 1558 1482 Ve-

208 1524 319 1589 netos
342 1505 384 1587 δι
407 1529 593 1605 numero,
618 1507 656 1587 8<
681 1507 878 1610 disciplina
904 1509 1125 1605 florebant,
1150 1530 1240 1586 cunr
1266 1505 1371 1585 enim
1399 1505 1560 1608 peregri·

208 1606 270 1687 nis
296 1606 426 1689 Terra
450 1607 594 1690 Sanda
621 1610 715 1691 lota
740 1608 902 1691 invisere
937 1636 962 1689 o
991 1609 1159 1690 rantibus
1196 1607 1445 1711 opportunior
1480 1607 1560 1685 illis

210 1709 300 1789 eser
326 1708 507 1791 Venetiae
533 1710 725 1808 accessus,
762 1734 805 1790 ur
832 1711 879 1792 iis
905 1634 1069 1828 holpitia
1105 1728 1324 1815 aptarentur
1345 1707 1463 1809 prisca
1486 1708 1560 1803 Ve-

212 1829 416 1908 netorum,
442 1812 569 1915 pietas
587 1811 796 1914 plurimum
825 1814 1032 1895 laboravit.
1060 1812 1145 1893 Nes
1168 1810 1374 1912 peregrinis
1396 1829 1563 1889 tantum·

211 1911 329 1990 modo
354 1911 402 1991 ad
428 1912 619 1993 Palestinae
644 1913 801 1993 sacraria
827 1914 1114 2017 properantibus
1140 1912 1325 2013 hospitia,
1350 1910 1412 1991 sed
1434 1909 1564 2008 briis,

212 2009 281 2195 pul
307 2011 348 2091 in
373 2037 417 2092 ea
427 2013 708 2115 pereginatione
721 2015 958 2118 Elephantine
970 2018 1149 2095 morbum
1161 2011 1454 2109 contraxissent,
1480 2012 1566 2127 No·

231 2111 381 2196 ocomia
405 2137 531 2217 parata
556 2135 686 2214 erant,
710 2138 794 2221 qua
820 2117 924 2198 varia
951 2115 1100 2219 pietatis
1125 2138 1238 2218 opera
1265 2115 1568 2215 fluxotempons
1632 2164 1636 2173 -

214 2212 258 2299 in
287 2240 408 2295 unum
435 2242 508 2298 eon
573 2238 660 2317 gata
696 2218 827 2299 locum
855 2218 900 2298 in*
922 2220 1032 2299 causa
1057 2217 1248 2313 suerunt,
1283 2236 1327 2296 ut
1354 2215 1461 2296 locus
1488 2214 1569 2313 ipse

214 2314 334 2395 unico
358 2317 515 2417 Hospita
531 2321 562 2396 is
588 2317 745 2398 nomine
761 2356 764 2369 ·
781 2319 1064 2421 appellaretur.
1103 2319 1335 2398 Porro'eum
1362 2314 1570 2396 laudabilia

215 2415 298 2497 hac
325 2416 538 2516 exercitia,
563 2418 703 2520 quibus
729 2417 830 2500 nihil
857 2422 908 2501 eli
936 2421 1024 2501 Deo
1049 2419 1226 2521 gratitts,
1262 2415 1413 2498 Divino
1439 2416 1572 2496 afflatu

219 2538 516 2616 exercerentur,
542 2520 638 2601 aedes
663 2518 739 2602 illa
765 2542 964 2624 coeperunt
990 2519 1120 2602 vocari
1146 2519 1261 2600 etiam
1291 2520 1441 2599 Domus
1468 2517 1572 2614 Dei,

217 2643 301 2720 qua
326 2621 404 2702 loci
429 2620 718 2703 nomenclatura
752 2624 851 2739 apud
876 2624 1010 2704 Gallos
1046 2622 1092 2702 ad
1121 2620 1200 2702 hac
1236 2644 1355 2722 usque
1393 2640 1570 2719 tempora

217 2721 429 2819 perseverat
449 2723 555 2824 ,qui
583 2723 849 2819 Nosocumra,
874 2722 1162 2823 Xenodocbia',
1187 2719 1527 2824 orphanotrophia
1552 2772 1572 2818 ,

213 2821 367 2923 ,aliaque
392 2821 431 2903 id
457 2823 607 2925 generis
631 2822 694 2924 pia
721 2824 884 2925 bospitio
909 2818 1137 2905 HoreLDr'eu
1172 2824 1292 2940 patria
1325 2845 1421 2904 voce
1447 2820 1574 2937 appel:

219 2919 297 3003 lare
322 2923 466 3007 solent.
493 2925 613 3031 Quod
637 2936 767 3006 autem
793 2926 911 3007 titulo
939 2924 1091 3008 Domus
1117 2926 1195 3006 Dei
1222 2947 1349 3013 ettam>
1367 2942 1571 3005 remotiore
1704 2986 1708 2989 .

218 3046 304 3103 aevo
330 3024 544 3141 Hospitalia
569 3044 866 3108 connotarentur
892 3049 993 3131 patet
1020 3051 1069 3106 err
1095 3025 1373 3127 documentis,
1407 3049 1491 3125 qua
1517 3045 1574 3105 re·

221 3122 294 3207 sert
321 3125 590 3209 eruditissimus
616 3127 839 3228 Ducangius
865 3127 906 3208 in
931 3124 1122 3210 Glossar'io
1146 3128 1291 3207 Littera
1318 3127 1359 3203 D
1385 3124 1452 3205 ubi
1479 3122 1575 3226 srag-

222 3246 400 3311 mentum
426 3227 551 3331 posuit
578 3228 732 3309 Littera
757 3229 894 3311 Caroli
919 3232 989 3309 IV.
1015 3227 1152 3308 Gallia
1179 3227 1295 3329 Regis
1331 3250 1434 3307 anno
1465 3231 1574 3325 1385.

217 3324 403 3431 adoerstes
426 3323 646 3409 cardinales
670 3329 830 3432 scripta,
854 3327 918 3431 qur'
936 3329 1020 3430 fiere
1040 3326 1168 3409 omnia
1186 3322 1291 3426 regni
1309 3324 1499 3405 obtinebat
1519 3323 1577 3404 be·

224 3427 360 3531 neficia
379 3460 397 3513 .·
422 3433 449 3477 ‘⁴
475 3433 701 3512 Volumus.
729 3491 740 3514 .
767 3490 777 3511 .
804 3431 906 3535 quod
933 3429 1056 3512 statim
1071 3460 1075 3465 ·
1090 3451 1205 3532 atque
1230 3428 1398 3531 aliquem
1424 3426 1578 3608 Episco-

224 3582 255 3628 „
277 3556 370 3633 punr
400 3533 509 3636 regni
536 3533 652 3615 nostri
679 3534 743 3614 vel
771 3532 961 3616 Abbatem
989 3534 1051 3612 seu
1079 3532 1275 3626 Priorem,
1300 3530 1460 3631 autOrp
1490 3551 1581 3608 anu-

226 3685 256 3730 „
282 3632 579 3736 trophum,2seu'
590 3632 741 3716 Domus
752 3634 836 3715 Dei
857 3637 919 3717 vel
948 3636 1021 3716 bos
1037 3633 1143 3736 ¹italis
1167 3630 1581 3715 administratorem...
1699 3642 1704 3657 '

227 3784 256 3829 „
280 3735 328 3812 ab
355 3735 426 3815 hac
452 3736 540 3816 luce
566 3737 731 3838 migrare
758 3737 982 3845 continget,
1007 3660 1582 3847 ‹lidusPrapofitusParisrenfis

218 3850 259 3930 1„
284 3850 351 3912 aut
366 3836 633 3935 senescallus,
659 3840 723 3918 vel
748 3839 918 3920 Ballivus
945 3838 1008 3919 seu
1034 3839 1113 3933 ejus
1134 3839 1440 3930 Locumtenens,
1465 3855 1583 3910 incu-

217 3986 258 4032 .„
284 3933 340 4034 jus
368 3935 637 4037 Praepositum,
662 3939 911 4037 Senescallia,
936 3960 1002 4017 aut
1029 3937 1207 4018 Baillivia
1236 3940 1336 4015 bona
1357 3956 1409 4012 ex
1435 3932 1583 4013 decessu

230 4089 258 4137 2,
284 4035 371 4125 talis
397 4035 614 4119 decedentis
640 4039 770 4120 relista
806 4062 951 4143 reperta
978 4038 1157 4135 fuerint,
1193 4033 1260 4116 illa
1296 4034 1510 4117 realiter&
1536 4032 1585 4111 de
1649 4076 1650 4081 Ν

232 4190 262 4235 „
286 4136 385 4220 sadlo
410 4137 457 4232 ad
483 4163 641 4220 manum
668 4138 829 4221 nostram
856 4161 1021 4245 apponat
1048 4139 1076 4220 si
1101 4140 1411 4243 perExecutores
1435 4134 1588 4245 autha-

235 4260 264 4331 ,·,
289 4241 394 4321 redes
419 4238 735 4345 ipsius‘Episcupi
761 4246 940 4343 mortui,
976 4246 1043 4321 ant
1070 4266 1137 4343 per
1162 4238 1378 4356 Religiosos
1403 4238 1588 4317 Conven-

237 4389 265 4438 ,‚
291 4359 425 4440 tuorn,
452 4342 800 4446 Monasteriorum,
824 4364 890 4428 aut
916 4344 1065 4428 Fratres
1093 4340 1337 4444 hospitalium
1366 4338 1588 4422 velDomo-

261 4524 266 4535 ,
343 4448 589 4527 TomVHt
637 4444 644 4455 '
946 4487 948 4490 >
1050 4440 1101 4525 Ss
1244 4482 1247 4489 ¹
1405 4460 1538 4541 „rum
