3934 5342
508 375 561 484 38
745 333 1483 473 DuMonnsrnn'to

488 578 517 621 „
540 512 740 619 Eugenius
763 509 970 614 Episcopus
996 512 1134 593 Servus
1152 513 1361 594 *Servorum
1375 514 1473 594 Dei.
1501 511 1666 597 Dileciis
1690 513 1784 599 filiis

434 681 462 726 „
486 615 762 704 Guardiano&
789 616 982 695 Fratribus
1009 614 1238 696 Conventus
1265 615 1591 698 SaniiiFrancisci
1618 619 1781 700 aVinea

436 771 477 825 ,9
489 725 536 804 de
563 719 738 802 Veneriis
763 717 969 800 Castellan.
995 717 1093 798 dioc.
1119 717 1263 798 ordinis
1296 716 1442 797 Minor.
1468 719 1515 798 de
1541 719 1781 801 obstruantia

435 882 463 927 „
489 843 738 926 nuncupator.
766 819 1007 923 praesentibus
1033 821 1070 899 8(
1096 818 1232 899 suturis
1257 821 1427 901 Salutem
1462 820 1781 923 &Apostolicarn
1961 919 1962 926 Ν

436 984 465 1029 „
491 925 838 1008 benedidiionem.
876 921 980 1003 Sedis
1016 919 1235 1104 Apostolice
1271 921 1432 1025 gratiosa
1469 922 1684 1024 benignitas
1710 921 1785 1026 piis
1847 928 1849 930 ’
1961 929 1962 934 ‘

434 1085 462 1130 „
487 1027 659 1109 fidelium
687 1023 880 1128 presertim
914 1024 981 1103 sub
1015 1048 1055 1103 re
1073 1023 1214 1125 igionis
1250 1023 1385 1104 babitu
1418 1024 1578 1104 domino
1613 1026 1782 1105 militan-
1961 1037 1962 1080 ³

435 1183 464 1232 „
490 1131 590 1211 tium
616 1130 719 1209 votis
745 1127 910 1207 libenter
935 1123 1070 1206 annuit
1104 1124 1144 1204 8(
1171 1125 1334 1207 honestis
1367 1150 1503 1208 eorum
1532 1127 1706 1228 precibus
1732 1126 1784 1207 sn·

436 1289 465 1333 ‚‚
491 1257 623 1313 vorem
652 1228 876 1312 benivolum
903 1227 1158 1329 impartitur.
1195 1229 1293 1308 Sane
1322 1227 1496 1309 exhibita
1523 1229 1634 1308 nobis
1662 1254 1785 1409 nuper
1820 1231 1835 1312 5

385 1390 390 1400 ι
437 1390 465 1434 ,,
490 1360 560 1437 pro
585 1355 690 1437 parte
716 1329 835 1412 vellra
862 1328 998 1431 petitio
1011 1329 1233 1410 continebat
1258 1331 1362 1434 quod
1381 1355 1471 1413 cum
1499 1331 1704 1411 nonnullos
1733 1357 1783 1409 ra·

436 1492 466 1537 ‚,
493 1437 640 1517 tresde
667 1434 789 1513 vestro
815 1427 1028 1512 Convenru
1055 1457 1348 1534 nonnumquam
1374 1430 1581 1533 emptionis
1607 1433 1670 1511 seu
1697 1433 1782 1511 alio

437 1593 464 1638 ,‚
489 1538 626 1639 quovis
654 1537 772 1616 titulo
797 1533 916 1615 libros
941 1535 988 1614 de
1012 1533 1228 1614 elemosinis
1254 1535 1314 1636 pia
1340 1533 1513 1616 fidelium
1543 1535 1783 1630 Venetorum

433 1640 630 1737 „eisdem
668 1636 872 1737 largitione
907 1634 1057 1718 collatis
1095 1661 1295 1738 ppocurare
1327 1638 1556 1738 eosdemque
1587 1635 1781 1736 postquam

434 1739 584 1842 „ipsos
610 1739 657 1819 ad
682 1761 818 1819 eorum
844 1740 952 1817 usum
973 1758 1057 1817 toto
1085 1759 1256 1840 tempore
1279 1737 1357 1818 vite
1384 1739 1448 1818 sue
1474 1761 1677 1817 tenuerunt
1697 1737 1787 1837 ipsrs

326 1929 338 1940 p
435 1897 464 1942 „
488 1841 595 1922 viam
622 1840 797 1921 universe
823 1839 1125 1940 camisingresus
1147 1842 1193 1920 ad
1220 1840 1609 1943 manuspersonarum
1634 1840 1780 1919 adicio

435 1999 462 2044 „
487 1945 701 2023 Conventu
723 1959 986 2049 extranearum
1015 1941 1136 2043 sepius
1162 1942 1341 2022 devenire
1367 1942 1566 2043 contingat
1598 1941 1653 2020 in‘
1668 1940 1782 2042 presa·

435 2101 466 2145 „
491 2044 522 2123 ti
548 2046 780 2126 Conventus
805 2069 919 2160 grave
948 2041 1197 2146 prejudicium
1232 2045 1269 2124 8(
1296 2043 1474 2144 indutam
1501 2101 1514 2121 .
1550 2047 1682 2145 Quare
1709 2068 1784 2144 pro

433 2201 462 2246 „
489 2167 594 2325 gatte
620 2144 740 2226 vestra
765 2144 839 2225 furt
865 2148 978 2226 nobis
1011 2145 1211 2233 humiliter
1248 2146 1499 2248 supplicatum
1526 2145 1704 2246 quatinus
1731 2169 1784 2224 ne

436 2302 464 2348 ,‚
519 2274 565 2328 oc
592 2249 685 2328 alias
721 2248 903 2328 damnum
931 2249 969 2328 lic
995 2248 1276 2329 inconveniens
1302 2247 1693 2352 prelatoConventui
1721 2272 1784 2327 ve·

434 2405 463 2448 „
488 2349 562 2431 stro
588 2348 748 2451 irrogari
783 2349 980 2451 contingat
1007 2350 1053 2429 de
1083 2372 1275 2452 oportuno
1303 2350 1474 2428 remedio
1510 2350 1706 2451 providere
1732 2350 1783 2429 de

432 2507 462 2550 ‚‚
488 2451 723 2554 benignitate
734 2450 951 2553 Apostolica
966 2451 1236 2554 dignaremur.
1262 2453 1346 2531 Nos
1373 2450 1783 2553 vestrisoportunitati·

432 2608 461 2652 „
487 2555 558 2634 bus
583 2554 783 2657 providere
819 2552 1016 2654 cupientes
1045 2552 1175 2634 vestris
1201 2553 1242 2631 in
1270 2552 1344 2632 hac
1368 2575 1474 2655 parte
1500 2552 1783 2656 supplicationi·

432 2709 461 2753 „
489 2655 557 2735 bus
594 2655 773 2737 inclinati
808 2654 1008 2746 devotioni
1047 2653 1166 2733 vestre
1204 2675 1246 2732 ut
1283 2653 1417 2755 prelati
1454 2656 1544 2734 libri
1581 2654 1788 2760 postquam

431 2810 459 2854 „
486 2754 616 2837 srattes
642 2756 709 2859 qui
736 2756 824 2836 illos
851 2779 893 2833 ut
917 2754 1152 2858 premittitur
1176 2755 1417 2835 obtinuerint
1442 2781 1486 2837 ac
1513 2755 1677 2835 defuncti
1700 2753 1782 2835 sue·

430 2911 458 2955 „
487 2856 563 2937 rint
588 2858 636 2938 ad
661 2856 849 2959 prefatum
870 2857 1125 2937 Conventum
1155 2856 1319 2937 velitum
1346 2857 1426 2959 ipso
1451 2857 1553 2938 sacto
1575 2856 1782 2939 devolvan-

430 3011 462 3056 „
487 2979 571 3056 tur,
597 2984 640 3039 ac
669 2959 793 3039 eidem
822 2959 936 3059 pleno
962 2958 1042 3058 jure
1068 2961 1291 3040 censeantur
1317 2956 1521 3059 nequisti,
1556 2957 1612 3037 ita
1639 2979 1680 3038 ut
1708 2984 1781 3046 vos

432 3111 466 3156 ,‚
490 3061 553 3138 seu
594 3085 660 3162 per
686 3085 754 3141 vos
784 3060 954 3160 deputati
991 3060 1141 3163 propria
1170 3058 1400 3142 auctoritate
1422 3059 1545 3144 veluti
1577 3066 1635 3140 res
1666 3058 1781 3161 ipsus

430 3216 458 3258 „
483 3162 715 3242 Conventus
740 3187 873 3262 capere
900 3162 937 3241 8<
962 3164 1009 3241 ad
1036 3161 1157 3263 ipsum
1184 3162 1438 3246 Conventum
1465 3162 1607 3244 deserte
1633 3216 1647 3259 ‚
1672 3162 1709 3241 ἃ
1737 3161 1779 3242 in

428 3315 456 3360 „
482 3263 591 3342 usum
619 3261 732 3366 ipsius
766 3264 947 3365 deputare
975 3262 1132 3346 valeatis
1169 3285 1304 3347 tenore
1339 3265 1568 3366 presentium
1604 3262 1780 3364 indulge-

293 3415 296 3418 *
429 3417 457 3462 „
484 3389 569 3445 mus
594 3419 607 3463 ‚
637 3365 1231 3467 Priviiegiis,Consiitutionibus
1258 3369 1322 3448 seu
1349 3366 1497 3447 statutis
1521 3367 1583 3445 vel
1620 3365 1782 3448 indultis

427 3518 455 3563 „
481 3465 546 3567 ipsr
572 3466 700 3547 ordini
728 3468 790 3546 seu
818 3467 898 3564 ejus
924 3467 1091 3569 personis
1117 3468 1390 3570 quoquomodo
1425 3466 1605 3549 concessis
1631 3468 1780 3550 ceteris·

426 3611 454 3663 ‚‚
478 3592 554 3748 §cue
580 3568 782 3648 contrariis
809 3591 887 3647 non
914 3568 1150 3650 obstantibus
1176 3568 1476 3671 quibuscumque
1502 3627 1513 3648 .
1552 3568 1665 3649 Nulli
1688 3594 1783 3671 ergo

425 3721 453 3764 ,‚
515 3693 548 3747 c.
577 3670 669 3749 Dat.
693 3669 868 3749 bononie
895 3673 1013 3751 Anno
1038 3669 1316 3751 incarnationis
1338 3671 1546 3751 Dominice
1569 3670 1781 3751 Millefimo

422 3769 823 3872 „quadrigentesimo
860 3771 1051 3855 tricesimo
1077 3773 1272 3874 septimo,
1306 3794 1442 3875 quarto
1478 3774 1584 3854 Non.
1613 3771 1777 3875 Augusti

427 3923 456 3971 2,
482 3871 732 3958 Pontificatuo
760 3873 891 3956 Nostri
919 3878 1033 3961 Anno
1061 3874 1263 3977 Septimo.

1007 4235 1034 4279 „
1060 4177 1189 4259 Gratis
1214 4179 1260 4256 de
1288 4176 1472 4260 mandato
1495 4117 1593 4257 dan.
1621 4147 1683 4279 pp

1012 4337 1040 4379 ‚,
1140 4282 1194 4381 Ja
1221 4282 1267 4360 de
1297 4280 1502 4362 Vitetbio.

1627 4483 1735 4581 Quo
