3934 5342
369 338 440 426 .s.
473 341 648 426 Lucirt
681 341 953 425 Vinciuis
984 336 1024 421 dt
1058 336 1238 427 Mani.
1346 352 1444 452 '343

165 492 417 587 Annuncia'ta
442 484 697 585 distinerent,
720 479 773 569 0·
796 472 1034 576 relaxarent,
1059 502 1098 561 at
1124 500 1256 600 contra
1281 507 1416 604 corpus
1429 488 1505 573 oi-

166 625 225 683 va
254 594 421 697 Virginis
447 590 634 671 Titularis
669 588 715 667 ad
748 584 953 666 Ecclesiam
980 584 1166 683 Corporis
1192 584 1354 668 Domini
1392 590 1506 673 dedu·

167 718 349 792 ceretur,
384 695 426 773 iu
450 716 525 793 qua
552 688 745 771 Moniales
770 688 806 766 S.
830 686 964 765 Marias
992 685 1239 766 Annuntiatae
1265 690 1417 790 elegans
1442 696 1509 773 Sa·

167 800 311 878 cellum
337 795 498 897 propriis
519 790 743 893 'sumptibus
777 785 922 902 erigere
940 805 1214 901 ‚tenetentum
1250 788 1406 870 firmata
1431 794 1513 876 fue,
1613 890 1615 895 X

168 916 261 978 runt
284 921 375 977 cum
402 894 595 995 utriusque
615 911 737 973 coetus
746 890 884 969 assensu
897 906 1000 967 initae
1010 886 1285 968 conventiones
1295 891 1355 970 die
1367 910 1511 974 xxviia.

169 997 272 1077 Maii
301 997 467 1099 superius
490 993 682 1075 enuntiati
708 988 801 1072 anni
828 988 1096 1070 Mccceixxvi.
1123 983 1214 1089 (1).
1240 988 1390 1071 interea
1418 995 1513 1077 dum

170 1098 369 1199 utriusque
398 1093 619 1177 Monasterii
647 1094 913 1173 Procuratores
936 1089 982 1170 de
1007 1088 1257 1170 conciliandis
1283 1094 1393 1173 rebus
1414 1091 1515 1177 intet

170 1200 209 1280 se
237 1221 382 1301 agurii,
407 1194 720 1276 sinuimoniaies
730 1191 914 1291 Corporis
925 1187 1090 1269 Domini
1116 1191 1163 1268 de
1189 1191 1389 1272 retinendo
1403 1195 1518 1274 Divae

168 1301 302 1381 Lucia
328 1320 486 1401 corpore
513 1297 596 1399 plus
622 1319 730 1398 aequo
755 1292 900 1394 cupida
935 1288 1107 1369 immissis
1141 1290 1298 1373 obscura
1326 1293 1436 1375 nosse
1461 1295 1520 1379 sn.

167 1402 323 1480 roribus
349 1421 397 1477 eit
423 1397 497 1504 ijs,
519 1422 604 1501 quae
627 1395 834 1476 Conversae
858 1392 1129 1494 appellantur,
1163 1391 1470 1495 sacrum‘corpus
1496 1421 1521 1481 e

167 1501 328 1594 loculo,
354 1499 396 1577 iii
421 1520 500 1676 Ἅιιο
523 1497 766 1599 quiescebat,
793 1495 892 1574 clam
908 1491 1069 1570 abstrahi
1095 1490 1296 1588 iusserunt,
1329 1494 1444 1595 inque
1471 1495 1523 1575 la.

168 1602 273 1681 tenti
302 1599 425 1678 Mona
457 1597 527 1678 eiii
556 1601 665 1693 loeo,
690 1597 811 1677 donec
838 1590 1044 1695 propitium
1072 1590 1138 1672 sibi
1165 1593 1391 1674 elucesceret
1407 1602 1523 1681 [tem.

166 1727 242 1803 pue
267 1699 682 1799 imprudentieonsilio
707 1695 1013 1779 absconderunt.
1045 1688 1103 1773 Ut
1129 1708 1281 1793 autem,
1307 1695 1523 1797 subscriptis

166 1826 265 1881 curn
292 1801 486 1916 utriusque
513 1799 628 1901 partis
653 1800 793 1878 assensu
819 1793 1138 1890 conditionibus,
1164 1792 1303 1875 sortita
1329 1796 1524 1898 Reliquia-

168 1926 262 1979 runi
290 1922 437 2001 ereptio
463 1923 509 1980 ex
537 1899 699 1979 occultis
735 1898 900 1978 tenebris
925 1897 966 1975 iu
992 1895 1118 1976 lucem
1148 1895 1324 1994 prodiit,
1351 1897 1431 1977 acri
1457 1919 1522 1975 ex·
1581 1934 1583 1937 ·
1692 1915 1696 1939 ¹

167 2001 440 2081 candescentes
475 2000 529 2078 ira
557 1998 782 2079 Parochiarii
809 1994 1086 2078 Decemvitaiis
1111 1994 1278 2074 Consilii
1314 1995 1523 2079 authoritat-
1608 2041 1610 2044 ·

167 2122 252 2179 tem
282 2098 455 2179 obtestati
482 2101 591 2194 suut,
619 2120 685 2196 ut,
712 2117 970 2199 perpetratum
999 2093 1224 2177 surtiscelus
1246 2095 1523 2192 inultumesse,

168 2226 252 2281 non
283 2221 511 2298 pateretur,
544 2223 680 2298 corpus
706 2199 812 2278 enirn
840 2198 952 2278 Diva
980 2197 1166 2297 Martyris
1193 2196 1241 2278 ad
1266 2197 1370 2275 suam
1399 2197 1521 2276 Pa'roe·

167 2302 316 2382 cialem
341 2299 548 2379 Ecclesiam
575 2325 654 2377 non
679 2296 836 2398 privatis
863 2297 1135 2398 passionibus,
1159 2323 1228 2378 nec
1254 2296 1415 2395 alicujus
1441 2321 1524 2375 mu·

169 2424 294 2493 itere,
320 2400 381 2479 sed
407 2399 568 2500 publicae
593 2399 837 2480 authoritatis
863 2398 1016 2478 decreto
1043 2397 1403 2494 deduslumsuerat,
1428 2397 1525 2498 quid

168 2500 198 2581 fi
229 2523 303 2579 nec
330 2499 526 2600 utriusque
555 2498 780 2579 Monallerii
816 2499 1019 2579 accedente
1045 2500 1263 2595 consensu,
1299 2499 1426 2578 multo
1451 2498 1524 2575 mi·

173 2626 256 2680 nus
281 2623 329 2681 ex
356 2596 457 2680 siirto
483 2625 548 2701 pet
575 2599 786 2699 injuriam,
821 2601 858 2680 ἃ
884 2600 1016 2679 dolum
1053 2601 1197 2678 sacrum
1224 2623 1359 2701 corpus
1386 2598 1525 2680 eloco

168 2700 391 2795 dimoveri,
417 2701 565 2801 &quod
593 2699 789 2802 pellionum
816 2699 1042 2798 videbatur,
1067 2699 1258 2781 indecenti
1271 2702 1359 2781 loco
1369 2701 1526 2781 abscon·

167 2802 242 2897 di,
271 2800 478 2900 irreligiose
505 2802 667 2882 licebat.
692 2800 811 2901 Juslas
836 2800 1220 2901 hominumquerelas
1241 2802 1529 2902 excipiensDe··

170 2900 387 2984 cenivirale
413 2900 631 2982 Consilium
658 2902 834 3002 plurimis
860 2901 1047 2983 mandatis
1073 2898 1221 2980 nomine
1245 2898 1449 2999 Dominis,
1474 2902 1525 2982 (J

169 2999 355 3096 cupierim
381 2997 534 3099 Confessi
562 3011 604 3080 X.
631 2999 737 3081 fabiis
764 3001 908 3095 edixit,
934 3023 977 3081 iit
1004 3004 1114 3082 sacrae
1140 3001 1286 3082 exuviae
1313 3002 1414 3082 furto
1440 3003 1526 3083 sub·

169 3104 267 3182 larae
294 3099 606 3197 restituerentur,
631 3121 671 3179 at
696 3125 785 3180 cum
812 3099 911 3200 juliis
937 3124 1083 3180 morem
1112 3124 1240 3201 gerere
1266 3103 1527 3183 detrectassent

172 3199 534 3298 Sanblirnouiales,
569 3199 667 3279 miffi
703 3200 857 3283 suerunt
892 3222 941 3282 eii
966 3200 1281 3281 Consiliariorum
1319 3225 1422 3282 eoetu
1451 3202 1529 3283 viri

172 3300 412 3397 clarissimi,
438 3302 505 3403 qui
524 3301 771 3383 obfirmatam
797 3301 960 3401 ipsarum
988 3320 1156 3380 mentem
1182 3302 1228 3381 ad
1257 3321 1531 3404 preceptorum

174 3402 447 3483 obedientiam
475 3403 737 3484 desederent.
763 3405 871 3484 Cum
897 3427 990 3482 reru
1016 3402 1163 3482 monita
1190 3404 1355 3504 pariter,
1376 3404 1530 3484 &maris

173 3507 281 3585 data·
300 3503 609 3605 negligerentur,
635 3524 678 3583 ut
704 3525 948 3591 contumaces
973 3502 1092 3584 animi
1120 3501 1166 3581 ad
1192 3504 1415 3605 obsequium
1435 3505 1532 3588 seui·

232 3627 403 3700 rentur,
438 3605 522 3706 lege
550 3605 625 3684 lara
651 3605 694 3683 iri
721 3605 983 3685 Decemvinti
1010 3602 1183 3684 Consilio
1219 3605 1279 3683 die
1305 3626 1395 3685 viii.
1422 3605 1531 3705 Junii

192 3705 476 3803 ,lsi-statutum
503 3705 611 3801 suit,
647 3727 692 3785 ut
725 3705 844 3804 ianuae
873 3701 1095 3785 Monasserii
1119 3705 1305 3805 Corporis
1332 3707 1531 3800 Domini,

174 3823 340 3901 excepta
359 3826 468 3900 porta
479 3799 669 3907 Ecclefiae,
689 3832 815 3901 muro,
837 3799 998 3885 &calce
1008 3805 1273 3885 clauderentur
1321 3808 1531 3906 clausaeque
1563 3874 1568 3886 .

174 3926 489 4009 permanerent,
527 3906 649 3983 donee
675 3928 800 4004 eorpus
818 3905 963 3985 sanuae
981 3902 1103 3984 Luciae
1139 3903 1180 3982 in
1200 3859 1362 4005 Eccsefia
1386 3903 1531 3985 tande

174 4002 311 4087 Lucia
333 4007 608 4093 reduceretur.
646 4005 738 4086 Hoc
764 4028 893 4086 autem
919 4030 1009 4085 cum
1036 4004 1396 4086 Sanelinionialibus
1423 4006 1532 4085 inno·

174 4106 375 4204 unisone,
400 4106 552 4206 iamque
576 4104 768 4188 ministros
792 4107 840 4187 ad
865 4108 1084 4209 exequenda
1109 4107 1196 4205 jussa
1222 4127 1368 4208 paratos
1393 4106 1535 4209 prospi-

176 4226 356 4322 oerent,
392 4206 494 4288 haud
520 4209 620 4287 ultra
646 4207 786 4288 morari
813 4208 1015 4306 imperium
1045 4208 1283 4303 voluerunt,
1309 4210 1533 4308 sacrumque

178 4306 369 4407 virgime
389 4332 525 4411 enipiu
550 4336 572 4392 e
590 4309 746 4393 latebris
771 4307 949 4403 eduslum
970 4306 1134 4409 moeste,
1159 4309 1532 4421 &lugentesadpro-

256 4454 290 4475 .·
355 4450 357 4455 ·
1402 4430 1484 4508 pria
