3934 5342
453 363 661 450 Sincst
693 360 937 447 Gaottctt
972 359 1241 462 tritones
1397 363 1448 470 85

176 512 439 595 adnumeravit
461 541 475 608 t
513 518 713 614 Quantum
751 537 842 593 vero
867 510 1059 613 angelicus
1095 510 1241 609 iuvenis
1267 507 1333 590 sub
1359 506 1516 609 Ioannis

178 616 392 715 magisterio
460 614 650 710 osecetit,
682 613 759 715 eius
785 615 907 729 postea
933 612 1103 723 sanctitas
1134 611 1367 723 declaravit„-
1406 611 1514 689 Dum

180 736 310 794 autent
335 718 406 794 San
447 715 556 793 iffimi
595 715 702 811 viri,
737 739 802 815 qut
823 734 963 811 primus
989 735 1157 809 patriam
1186 734 1359 816 martyris
1385 727 1514 803 corona

179 814 397 913 decorauit,
418 816 567 895 mentio
592 815 761 910 incidit,
795 815 889 894 libet
915 813 1172 893 admiffionem
1199 813 1277 908 eius
1303 813 1356 889 ad,
1377 812 1515 890 Mona·
1635 863 1638 870 ⁴

180 919 338 995 ebatum
376 940 422 994 ert
448 916 613 1017 antiquis
638 916 821 996 Coenobii
850 916 959 1012 huiu's
996 914 1190 994 codicibus
1216 911 1432 1005 exhibete,
1470 933 1513 988 ut

180 1015 404 1096 concivibus
429 1017 504 1097 suis
530 1017 760 1112 innotescat,
787 1015 968 1096 illustrem
997 1037 1202 1117 martyrem
1231 1014 1271 1093 in
1298 1009 1423 1094 celesti
1451 1012 1514 1089 be«

181 1116 395 1197 nedibiiune
421 1113 469 1197 ab
495 1118 571 1220 ipsa
597 1118 822 1213 nativitate,
846 1116 951 1196 fuisse
975 1138 1231 1217 preventum.
1460 1209 1500 1226 ..

234 1219 424 1298 Gerardus
449 1219 612 1319 Sagredo
637 1220 674 1298 dc
699 1219 943 1314 Catharina,
969 1243 1082 1318 quam
1109 1217 1175 1297 stbi
1203 1214 1354 1317 aqualis
1381 1211 1520 1294 nobtlt·

180 1316 269 1397 tatis
297 1342 452 1398 uxorem
479 1321 744 1420 copulaverat,
768 1343 855 1400 cum
882 1319 947 1398 diu
975 1320 1078 1420 prole
1104 1319 1322 1414 caruissent,
1349 1315 1523 1414 Deiparae

183 1418 380 1517 -Virgittis,
404 1421 442 1499 ἃ
467 1420 592 1500 sanni
619 1420 775 1522 Georgii
804 1420 988 1521 Martyris
1015 1419 1259 1521 patrocinio,
1284 1417 1421 1517 quibus
1448 1414 1520 1493 sese

183 1518 331 1599 adiduis
355 1521 529 1621 precibus
553 1522 944 1618 commendaverant,
968 1521 1091 1602 filium
1118 1521 1159 1599 in
1187 1522 1262 1621 ipsa
1289 1519 1383 1597 Divi
1406 1519 1522 1594 Geor·

183 1619 236 1719 gii
263 1619 351 1700 feiia
377 1620 439 1701 die
466 1621 507 1701 iu
534 1622 660 1701 lucem
685 1623 831 1701 editum
859 1623 1130 1718 obtinuerunt,
1155 1645 1269 1721 quem
1295 1621 1341 1699 de
1354 1617 1519 1715 ejusdem

182 1719 308 1798 Sanbii
335 1722 516 1820 nomine,
543 1724 604 1803 cui
633 1743 764 1801 nutum
794 1743 964 1825 patentes
992 1722 1199 1802 referebant
1211 1743 1432 1823 acceptum,
1458 1741 1520 1818 ap·

180 1820 314 1920 pellari
343 1825 567 1909 voluerunt.
593 1823 864 2003 Quinguennis
891 1824 997 1924 gravi
1026 1817 1521 1933 morbocotreptusadMo-

183 1919 383 2001 nasterium
409 1927 445 2004 S.
467 1925 623 2023 Georgii
650 1926 699 2003 du
740 1950 782 2003 us
808 1925 884 2020 est,
911 1925 974 2003 ubi
1004 1950 1091 2004 cum
1117 1925 1272 2024 Ioannis
1299 1924 1459 2002 Abbatts
1482 1921 1519 1997 δι

182 2015 467 2105 Monachorum
495 2024 648 2105 fervidis
675 2025 848 2126 precibus
873 2026 918 2105 ad
948 2028 1077 2104 Deum
1105 2025 1226 2105 effusis
1251 2050 1272 2102 e
1300 2024 1433 2102 mortis
1460 2046 1520 2119 pe·

178 2121 303 2201 riculo
330 2125 491 2205 evasisset
519 2126 747 2221 incolumia,
774 2125 988 2210 Monassico
1017 2126 1223 2222 habituse,
1248 2124 1521 2223 juxtaiilorum

180 2243 396 2323 tempotum
423 2251 605 2320 morem,
641 2228 746 2306 indui
773 2227 1004 2329 postulavit.
1032 2230 1181 2308 Interea
1209 2230 1316 2306 Patet
1343 2225 1420 2323 eius
1447 2224 1521 2302 Ge·

179 2325 308 2439 tardus
334 2326 379 2404 ad
406 2328 550 2407 bellum
578 2331 755 2422 sacrum,
791 2331 891 2429 quod
918 2356 940 2406 a
965 2326 1144 2410 Silvestro
1173 2332 1269 2429 Papa
1296 2330 1345 2406 tt.
1381 2323 1521 2403 ultimo

178 2423 236 2536 ‚sm
265 2425 514 2507 Pontificatus
548 2456 649 2508 anno
677 2429 871 2508 indicium·
900 2429 1019 2510 fuerat
1046 2429 1264 2531 protenus,
1301 2427 1415 2529 paulo
1441 2422 1521 2524 post

179 2541 222 2636 tn
250 2525 380 2605 eadem
408 2528 649 2626 expeditione
673 2529 806 2626 obiit,
839 2557 916 2631 quo
953 2532 1090 2610 nuntio
1126 2553 1281 2630 accepto
1307 2527 1521 2608 Cathatina

179 2641 260 2719 etus
288 2649 382 2705 uxor
408 2629 618 2730 Georgium
647 2631 793 2727 filium,
820 2632 990 2712 nondum
1019 2631 1127 2712 sacris
1153 2631 1253 2712 votis
1278 2626 1525 2721 obstrictum,

179 2724 225 2801 ad
251 2728 507 2841 renovandam
546 2730 619 2810 viri
656 2732 917 2831 memoriam,
943 2736 1154 2817 Gerardum
1190 2731 1368 2834 appellari
1406 2730 1524 2828 impe·

180 2842 318 2906 travit.

233 2927 316 3006 1²0st
344 2929 421 3011 haec
449 2933 611 3032 Ioannes
647 2949 735 3014 cum
764 2933 1001 3018 Munasterio
1038 2962 1103 3038 per
1129 2933 1437 3040 vigintiquinque
1462 2959 1524 3014 an·

180 3053 250 3107 nos
275 3030 495 3112 sanitiffim'e
527 3035 727 3135 prefuisset
754 3039 799 3116 ad
836 3039 979 3140 premia
996 3059 999 3066 ⁴
1016 3036 1188 3120 laborum
1217 3038 1394 3138 migravit
1422 3060 1526 3116 annu

178 3127 298 3244 Matr.
326 3145 439 3233 quem
467 3137 519 3216 ob
545 3137 733 3218 virtutum
760 3142 895 3220 metita
908 3141 1034 3241 passim
1047 3141 1205 3219 Beatum
1217 3166 1262 3239 ap
1311 3138 1431 3230 liant,
1459 3139 1523 3214 Pa·

181 3232 344 3312 trtarcha
373 3234 603 3336 Theupulus
629 3238 668 3315 in
696 3239 860 3338 Indice,
894 3242 1016 3321 Wion
1052 3241 1093 3322 ‘m
1122 3241 1240 3320 Mart.
1317 3237 1526 3339 onastico,

179 3329 322 3432 aliique
351 3334 574 3436 scriptores.
603 3379 606 3388 ·
701 3391 704 3406 ·

229 3435 278 3514 ll.
306 3435 539 3522 Guilielruus
567 3439 673 3518 Prior
701 3439 925 3524 Monasterii
954 3441 995 3522 in
1019 3441 1208 3522 demortui
1221 3441 1524 3523 Abbatislocum

178 3529 448 3620 suffedustfuit
470 3565 486 3632 t
510 3541 790 3641 supralaudatus
818 3568 910 3627 vero
934 3547 1122 3626 Getardus
1148 3543 1290 3624 electus
1303 3545 1433 3642 Prior,
1456 3544 1526 3644 qui

179 3657 258 3718 non
283 3639 413 3720 multo
435 3640 539 3743 pust,
562 3668 669 3724 anno
695 3668 833 3745 nempe
1294 3719 1300 3726 .

228 3739 456 3824 llltvaxt.
484 3742 697 3826 Guilielmo
724 3744 826 3825 viam
855 3746 1038 3828 universa
1064 3747 1187 3830 carnis
1209 3747 1368 3846 ingresso
1395 3745 1524 3827 inAb·

176 3835 305 3918 batem
328 3842 649 3958 constituitur'eo
677 3847 755 3948 ipso
781 3873 883 3928 anno
911 3849 1039 3930 Mart.
1078 3853 1126 3929 ln
1151 3874 1195 3932 ea
1218 3846 1407 3948 dignitate
1435 3846 1525 3947 post·

177 3960 238 4055 tus
266 3953 355 4019 curn
383 3969 424 4022 tn
452 3947 581 4027 rebus·
600 3946 774 4048 gerendis
801 3952 928 4029 Deum
968 3951 1117 4051 semper
1139 3972 1312 4030 accurata
1339 3949 1521 4049 supplica·
1636 3979 1639 3984 ·

176 4058 283 4122 none
311 4044 576 4157 consuleret,¹
592 4075 828 4151 magnosque.
848 4052 886 4130 dr
912 4053 1047 4136 atduot
1075 4077 1141 4152 pto
1168 4053 1251 4149 eius
1273 4048 1394 4150 gloria
1420 4050 1524 4132 labo·

177 4155 241 4258 κς
260 4141 389 4258 [ubire
413 4169 669 4248 praeoptaret,
705 4151 804 4231 iefe
830 4152 876 4231 ad
904 4154 1044 4234 sacram
1071 4153 1395 4253 Jetosolymorttm
1424 4174 1524 4252 pere·

175 4257 432 4356 grtnattoae'm
460 4249 677 4330 excitatum
698 4251 1033 4356 intetnb'spiritus
1051 4253 1184 4336 afflatu
1211 4251 1418 4355 prtesettstt,
1444 4247 1527 4331 nori

177 4345 332 4459 quidem
360 4353 510 4432 rnatum
532 4408 551 4449 ,
570 4359 624 4435 'ot
651 4355 805 4435 saluca
830 4355 980 4466 Christi
1008 4355 1272 4459 Redemptotit
1298 4355 1528 4537 lazorpbus,

363 4513 369 4524 .
1417 4481 1478 4534 an·
