3934 5342
377 431 409 460 a
483 409 563 498 152
716 382 817 466 Dc
879 378 1444 465 Morunsnanro

409 591 437 635 ,‚
462 531 701 626 ostenditur,
737 527 762 605 fi
789 529 835 606 ad
861 527 1194 631 contemplationis
1219 529 1509 628 delebiationem
1537 545 1602 626 per
1627 543 1753 622 opera·

409 691 438 737 ,‚
464 635 578 716 rionis
604 632 777 731 exempla
801 631 1007 728 ducamus,
1033 657 1076 711 ac
1103 633 1209 712 velut
1230 633 1271 711 in
1291 630 1498 733 disciplinis
1513 625 1663 706 animus
1676 647 1754 702 non

410 790 439 835 „
464 734 582 838 potest
608 731 860 812 invisrbilium
886 731 1148 833 cognitionem
1175 754 1393 835 penetrare,
1418 730 1486 810 nist
1512 753 1576 829 per
1602 752 1647 805 ea
1671 747 1755 823 quc

411 891 439 935 „
464 836 571 917 sensu
598 831 815 937 cognovit,
849 855 936 913 ante
961 835 1220 935 pertranseat.
1257 834 1319 915 Sic
1345 835 1382 912 8<
1407 832 1453 911 ad
1478 828 1639 911 coelellis
1665 825 1756 904 vito

409 991 439 1038 ‚‚
465 937 646 1039 pabulum
666 933 869 1014 infirmitas
895 937 1039 1036 nequitv
1055 936 1220 1015 humana
1244 936 1492 1016 conscendere
1520 929 1593 1009 nin
1615 951 1681 1029 per
1691 926 1758 1005 bo·
1809 1011 1816 1024 ,

409 1060 521 1138 ‚enar
547 1034 705 1117 abilonis
730 1035 848 1114 liudia
875 1036 977 1138 prius
1003 1037 1152 1117 incedat
1180 1062 1249 1122 nec
1277 1063 1356 1116 non
1381 1032 1535 1116 calcaris
1563 1030 1646 1124 his,
1671 1050 1755 1130 quae

410 1138 738 1240 „ingenuitatem
766 1135 887 1217 animi
913 1137 1184 1240 temporalibus
1220 1131 1443 1242 quibusdam
1470 1126 1759 1214 oblebiamentis

410 1290 439 1339 ‚‚
462 1237 682 1321 labefactare
719 1257 937 1337 conantur,
972 1236 1150 1319 indefesso
1187 1260 1318 1341 utpote
1354 1237 1471 1342 gradu
1509 1235 1554 1313 ad
1591 1227 1758 1312 coeleliia

417 1394 446 1438 „
472 1339 656 1443 rapiatur.
682 1340 739 1418 Ea
750 1361 924 1443 propter,
948 1340 1041 1441 quid
1052 1341 1155 1421 aliud
1182 1334 1758 1440 nobisluntpraeclarissinrorum

412 1494 441 1540 „
465 1442 565 1544 gella
590 1442 794 1537 virorum,
819 1466 933 1543 quam
959 1441 1128 1541 quadam
1156 1440 1531 1544 prostantiffimarum
1557 1436 1761 1515 documen·

412 1595 441 1639 „
466 1563 513 1621 ta
531 1541 718 1621 virtutum
745 1541 883 1643 quibus
909 1540 1033 1621 vidior
1057 1541 1207 1621 animus
1235 1542 1374 1622 tutiore
1400 1536 1599 1642 quadrivio
1625 1533 1761 1613 altiora

412 1695 440 1741 ‚,
464 1642 643 1722 molitur.
670 1644 725 1722 At
749 1660 851 1722 certe
878 1640 993 1721 nobis
1015 1668 1093 1723 non
1119 1641 1296 1740 defluunt,
1319 1641 1491 1743 exempla
1516 1635 1764 1727 sanderum,

361 1825 368 1850 s
412 1796 441 1840 ‚‚
466 1769 628 1846 quornm
655 1742 734 1820 vira
760 1741 994 1846 virtutesque
1022 1742 1073 1823 ita
1100 1744 1269 1825 claruere
1295 1769 1361 1846 per
1386 1745 1543 1834 orbem,
1569 1758 1611 1815 ut
1633 1738 1679 1814 ad
1701 1757 1761 1812 eo·

414 1897 441 1942 „
467 1869 553 1923 rum
580 1870 649 1924 nos
673 1843 929 1924 imitationem
957 1842 1230 1925 inexcusabiles
1255 1845 1423 1924 funditus
1449 1844 1519 1923 elic
1531 1838 1761 1940 judicemus.

417 1999 445 2042 ‚‚
469 1947 571 2025 Nam
584 1944 673 2045 quid
686 1943 882 2045 Apostoli,
906 1945 999 2045 quid
1020 1945 1171 2047 gloriosi
1183 1947 1344 2028 docuere
1355 1944 1573 2046 Martyres,
1597 1935 1688 2040 quid
1702 1937 1764 2014 Pa·

417 2097 446 2143 „
472 2046 643 2125 triarchae
669 2045 799 2140 santi,
834 2070 879 2124 ac
905 2046 1012 2126 velut
1040 2045 1103 2126 bic
1130 2047 1290 2143 noster,
1325 2070 1439 2147 quem
1477 2051 1557 2146 pr'ae'
1586 2037 1762 2118 manibus

414 2198 445 2243 ‚‚
470 2145 687 2243 habemus,
721 2143 812 2260 quid
839 2146 1159 2226 Anachoritarum
1187 2148 1225 2226 8(
1252 2146 1537 2228 Monachorum
1563 2136 1763 2253 celeberri3

414 2295 445 2343 ‚,
469 2271 532 2325 ma
557 2249 667 2325 turba
694 2271 962 2347 vrrgrnumque
989 2266 1097 2328 tener
1124 2273 1187 2349 per
1198 2249 1328 2330 omnia
1349 2245 1477 2328 scius.
1504 2249 1682 2346 Quorum
1695 2240 1764 2317 alu

413 2398 442 2443 ,‚
467 2347 613 2428 devicta
641 2346 848 2449 petulantia
874 2347 1023 2446 carnis,
1048 2349 1221 2451 superato
1246 2350 1313 2429 alii
1336 2350 1570 2451 persecutore
1583 2342 1687 2424 vario
1716 2363 1763 2420 ue

415 2499 444 2544 ‚‚
470 2447 576 2565 inum
602 2473 668 2564 per
693 2447 808 2527 ardua
832 2447 928 2527 calle
955 2449 1072 2529 secuti
1100 2449 1185 2530 sunt
1199 2447 1440 2545 Dominum,
1465 2447 1533 2528 nifi
1561 2467 1602 2526 ut
1629 2443 1666 2522 δι
1720 2464 1762 2523 os

346 2559 349 2564 ⁴
416 2600 448 2647 ‚‚
471 2547 615 2629 rnfitmr
640 2548 802 2630 minime
828 2550 994 2631 calentes
1019 2548 1206 2630 derelictis
1234 2550 1293 2632 his
1319 2549 1498 2630 labilibus
1523 2569 1636 2650 atque
1656 2544 1766 2622 cadu-

416 2702 445 2746 ‚,
470 2649 547 2747 cis,
572 2676 686 2754 quaro
712 2651 919 2748 animum,
952 2676 1066 2753 quarn
1093 2651 1260 2753 quadam
1289 2650 1640 2753 despenitnmarum
1667 2645 1765 2725 seces

418 2801 446 2846 ‚r
472 2755 640 2832 obruunt
660 2777 792 2832 eorum
805 2753 980 2854 exemplo
991 2753 1038 2832 ad
1048 2749 1203 2853 superna
1215 2753 1402 2833 nitamur.
1429 2745 1765 2831 HincdilcantEc·
1842 2836 1846 2844 ,

425 2901 455 2947 ,,
479 2851 674 2931 clefiarum
687 2854 879 2956 Principes
905 2879 948 2933 ac
975 2852 1360 2953 hujusaetatisnolirae
1372 2853 1573 2947 Rediores‚
1599 2843 1764 2928 mmdcfi

406 2952 677 3046 „decorum
705 2954 803 3032 mibi
841 2954 1030 3033 virtutum
1067 2956 1212 3036 summa
1249 2982 1326 3036 non
1354 2953 1396 3035 fit
1424 2951 1646 3036 ullomodo
1673 2945 1766 3046 judi·

420 3102 451 3146 „
474 3053 662 3167 candum,
690 3075 730 3131 ut
757 3054 850 3135 ficut
877 3055 954 3135 illis
980 3055 1022 3134 in
1048 3057 1245 3158 opulentia
1265 3073 1398 3138 ‘rerum
1425 3053 1690 3135 inofficiisac
1711 3047 1765 3128 di·

419 3202 449 3247 „
473 3173 618 3268 gnitate
644 3155 847 3270 succedunt
874 3156 927 3236 ita
954 3155 1165 3238 virtutibus
1189 3159 1364 3240 accedere
1389 3156 1525 3251 umal,
1551 3154 1589 3233 dc
1616 3150 1763 3230 adilane

422 3302 452 3350 ,‚
481 3254 679 3370 vrdcantu'r
704 3313 728 3370 ·.
751 3257 883 3336 Drscat
910 3259 1228 3361 mecumpariter
1254 3263 1473 3341 senescum
1501 3254 1712 3356 junioribus
1737 3248 1765 3328 ii

421 3404 449 3448 ‚,
476 3374 595 3434 vitam
623 3380 858 3458 loquamur,
882 3382 977 3458 quos
1003 3360 1051 3438 ad
1076 3361 1196 3439 vitam
1234 3359 1377 3440 imitari
1404 3361 1596 3440 debeant.
1633 3351 1767 3432 Discat

418 3504 448 3552 ,‚
473 3455 652 3534 studiosus
678 3456 836 3558 quisque
862 3484 941 3538 non
960 3460 1093 3550 ,inanis
1118 3463 1345 3562 eloquentia
1372 3459 1493 3562 magis
1518 3452 1693 3537 admirari
1712 3448 1768 3529 fu·

417 3606 447 3651 „
472 3580 536 3672 cos
562 3578 786 3672 gratumque
813 3560 1005 3660 leporem,
1026 3585 1143 3740 quarn
1172 3587 1304 3642 eorum
1331 3562 1507 3661 exempla
1533 3558 1768 3655 virtutesque

419 3705 447 3752 ‚,
472 3681 537 3756 qur
565 3677 725 3771 uirtutes
751 3660 1023 3761 iplas'dilleren
1051 3689 1074 3739 o
1100 3687 1180 3741 non
1207 3663 1342 3742 docere
1368 3663 1515 3758 solnm,
1542 3658 1603 3740 so'd
1624 3656 1666 3736 dc
1691 3676 1767 3733 arn·

417 3801 447 3854 2,
471 3756 584 3861 pleblr
612 3761 857 3838 celeberrime
885 3787 962 3839 non
986 3761 1232 3842 dubitarunt.
1259 3763 1588 3866 Quocircairunc
1611 3762 1778 3860 quoqun‘

417 3857 639 3955 „nostrum
666 3860 869 3938 charillimi
907 3862 1163 3943 Patriarcbam
1201 3864 1337 3966 pignus
1371 3866 1459 3944 sanc
1497 3865 1596 3943 inter
1633 3879 1766 3939 catera

421 4009 450 4060 7,
476 3959 602 4077 nestra
629 3959 845 4078 devotionis
871 3964 1066 4065 egregium
1094 3963 1245 4045 intento
1271 3965 1384 4047 corde
1411 3963 1772 4070 intentisquexmen·

419 4108 447 4156 ‚,
474 4063 755 4176 trsalpecirbus
781 4082 1000 4144 intueamur
1027 4065 1169 4146 imitari
1196 4093 1410 4165 curemus,
1434 4088 1478 4160 ut
1505 4061 1598 4147 ficut
1614 4063 1636 4141 'i
1666 4060 1693 4140 fr
1718 4057 1768 4137 io

416 4208 447 4256 2,
474 4161 540 4240 lrcr
567 4183 752 4256 urrtutum
778 4167 1012 4246 commercio
1039 4193 1153 4269 regna
1179 4171 1319 4269 meruit
1344 4165 1525 4273 poffidere
1552 4087 1768 4264 celeiiaita

308 4317 318 4328 a
417 4309 448 4357 ῃ,
474 4261 599 4360 &nos
624 4264 784 4364 superno
809 4267 936 4345 confisi
964 4269 1179 4366 patrocinio
1205 4272 1418 4351 studeamus
1441 4274 1533 4348 dum
1557 4268 1598 4346 in
1612 4267 1682 4345 hac
1695 4262 1770 4340 vir·

419 4412 447 4457 „
474 4363 1770 4471 tutumscbolamoramur‚quoluiseurndocumentisinluturavita

420 4513 448 4562 2,
474 4465 1087 4578 mereamurlrabereconsortem.
1241 4568 1244 4590 .
1395 4549 1414 4584 2
1670 4471 1717 4547 In
