3934 5342
442 386 1230 498 srncrroaos'arrmironrs.
1324 423 1447 510 ‘137

166 549 323 656 ,',hu'nc
350 575 439 656 ergo
464 543 641 634 Sandlum
671 553 882 633 Antonium
912 552 1161 655 presbiterum
1187 551 1348 654 quedam
1375 548 1507 629 divina

167 711 196 756 ‚‚
221 655 404 758 apparitio
429 655 633 736 adveniens
659 657 826 755 corporis
852 653 1055 732 Beatissimi
1085 653 1196 731 Pauli
1233 652 1403 733 Martiris
1432 677 1510 730 ma·

169 812 197 854 „
223 758 390 854 nifeslam
429 754 522 853 feeit
552 756 799 838 oslensronem
828 755 1013 856 Angelica
1039 753 1143 832 enim
1180 754 1366 853 apparitio
1401 778 1508 854 appa·

166 897 197 955 ς,
222 881 307 954 rens
334 856 542 955 Pontifici,
568 858 692 958 inquit
719 859 765 935 ad
790 867 879 935 eum
902 883 910 934 :
937 856 1102 954 Surgens
1128 877 1238 944 mane
1262 855 1301 933 8(
1326 855 1510 932 assumens

170 953 444 1053 „timoratum
471 958 617 1039 clerum
645 959 744 1038 vade*
765 958 809 1056 ad
837 978 957 1059 partes
984 953 1143 1055 asparis,
1170 955 1206 1033 8(
1232 953 1438 1033 deveniens
1463 954 1511 1036 ad

169 1081 197 1157 53
222 1051 499 1137 Mona‘slerium
527 1059 719 1138 Chaioma
754 1058 946 1159 requirens
964 1058 1027 1136 ibi
1055 1056 1227 1135 invenies
1253 1056 1404 1157 Corpus
1426 1054 1514 1133 Bea-

170 1205 201 1258 ‚,
226 1158 353 1235 tissimi
383 1159 488 1236 Pauli
510 1160 712 1256 Musiris,
737 1159 802 1259 qui
831 1160 971 1238 multos
999 1157 1251 1260 proteritate
1288 1157 1514 1240 consumans

171 1282 366 1358 „agones
394 1261 537 1362 aceepit
573 1286 756 1340 coronam
784 1260 1072 1339 imortalitatis.
1112 1259 1212 1337 Mox
1238 1283 1330 1357 ergo
1357 1257 1513 1335 Patriar·

170 1411 201 1458 ‚‚
226 1362 298 1437 clia
325 1383 462 1459 urgens
490 1385 707 1462 preceptum
736 1361 979 1462 Imperatoris
1005 1359 1207 1439 secundum
1237 1358 1369 1455 julium
1392 1362 1515 1458 Ange·

171 1511 200 1557 ,‚
228 1459 255 1537 li
284 1459 487 1559 Priorem,
510 1464 596 1542 ¹toti
623 1465 722 1542 sacre
746 1463 900 1541 Sinodo
929 1461 1147 1540 enarravit.
1187 1459 1319 1536 Visum
1348 1457 1399 1537 esi
1425 1484 1517 1558 ergo

171 1613 201 1660 „
225 1561 408 1660 omnibus
423 1562 469 1641 8(
495 1562 716 1642 timoratum
744 1566 940 1658 ererum,
976 1562 1013 1639 8(
1040 1562 1143 1639 urbis
1171 1559 1401 1640 Monalleria
1427 1561 1538 1643 leta.

175 1716 202 1759 „
228 1661 412 1740 nia-sada
439 1664 566 1742 locum
592 1666 659 1763 qui
687 1664 849 1744 ostensus
874 1663 926 1742 est
954 1662 1140 1740 Patriarce
1167 1686 1370 1761 occupare.
1398 1660 1516 1764 Quod

170 1813 198 1860 ,‚
222 1763 259 1840 8(
286 1762 455 1842 sece'runt
481 1767 706 1864 acendentes
731 1763 904 1843 candelas
931 1779 1235 1862 armaturamque
1255 1761 1394 1842 Crucis
1422 1763 1517 1840 vivi·

157 1906 199 1960 s„
226 1863 295 1942 fiee
323 1863 672 1963 preferentes'cum¹
691 1868 863 1964 precibus
889 1865 925 1942 8(
954 1863 1145 1965 hymnis,
1177 1863 1225 1940 ad
1251 1863 1435 1964 quesitum
1464 1863 1516 1942 lo·

169 2017 198 2059 „
223 1989 310 2042 curn
339 1988 622 2064 pervenerunt.
656 1966 735 2046 Ubi
763 1968 863 2045 sacra
890 1962 1055 2043 milleria
1081 1966 1316 2044 celebrantes
1353 1963 1393 2041 in
1421 1983 1516 2042 tem·

169 2117 198 2160 „
223 2067 287 2165 plo
316 2066 486 2145 Domine
511 2068 633 2147 noslre
660 2067 861 2167 genetricis
890 2065 989 2160 Dei,
1015 2066 1051 2143 8(
1078 2067 1224 2165 semper
1251 2063 1419 2162 Virginis
1432 2064 1518 2142 Ma·

170 2218 197 2261 ‚‚
222 2165 301 2262 rie,
328 2167 371 2243 ad
400 2166 607 2267 prediclum
636 2168 911 2268 Monaslerium
934 2165 1127 2246 Chaioma
1151 2187 1220 2266 »per
1238 2164 1517 2266 'persedlionem
1593 2227 1598 2234 a

169 2318 197 2362 „
224 2267 313 2344 sacri
343 2268 497 2346 misterii
532 2267 754 2349 effodientes
792 2263 1019 2370 investigant
1046 2265 1298 2369 preostensurn
1325 2268 1452 2346 locum
1480 2266 1518 2345 8(

170 2367 456 2467 „requirentes
484 2368 746 2468 invenerunt,
783 2370 1174 2472 &deprehenderunt
1203 2367 1348 2447 Divina
1384 2366 1517 2446 diredli

170 2519 198 2561 „
225 2468 378 2566 gratia,
404 2470 440 2546 8<
468 2469 630 2571 lapidem
658 2470 873 2571 imposrtum
902 2473 1055 2549 tumulo
1083 2468 1247 2548 martiris
1273 2496 1295 2548 a
1321 2468 1515 2551 venerabi·

169 2618 198 2663 ‚‚
225 2569 326 2645 libus
352 2567 467 2664 viris,
493 2591 535 2647 ut
564 2570 661 2648 milri
689 2572 791 2671 prius
817 2570 1004 2650 ostensum
1032 2570 1083 2648 esi
1110 2569 1309 2664 viderunt,
1333 2587 1519 2667 magnum

171 2717 199 2763 ,‚
226 2668 445 2747 existentem
467 2724 481 2764 ‚
518 2670 647 2771 &qui
673 2675 720 2750 ab
749 2671 916 2750 humana
954 2694 1070 2749 manu
1109 2669 1175 2766 vix
1203 2671 1319 2770 posset
1345 2669 1516 2747 elevari.

171 2820 199 2863 „
225 2769 339 2847 Hunc
369 2768 583 2848 Patriarclra
609 2773 676 2848 diu
703 2797 813 2850 orans
840 2769 1048 2872 sandisque
1076 2769 1401 2849 intercessionibus
1427 2795 1516 2850 con·

173 2920 200 2963 „
226 2867 310 2947 fisus
336 2869 444 2948 ausus
470 2871 522 2947 est
549 2871 707 2973 propriis
736 2871 912 2968 manibus
938 2895 1180 2950 ammovere.
1207 2871 1400 2949 Revoluto
1426 2895 1518 2972 ergo

168 2969 347 3068 „lapide
374 2971 411 3048 8(
437 2971 607 3071 {epulcro
634 2973 772 3074 politus
799 2991 978 3073 tanquam
1016 2973 1159 3074 spirans
1184 2971 1221 3051 8(
1248 2972 1438 3051 animatus
1465 2970 1521 3049 vi·

171 3121 198 3164 „
224 3070 382 3148 debatur
409 3070 556 3171 ipteg'e'r
582 3074 750 3153 sanus&
772 3075 978 3175 perfectus,
1005 3076 1151 3153 nullam
1180 3073 1368 3152 maculam
1396 3072 1520 3153 ferens

172 3221 200 3266 ‚‚
225 3169 268 3247 in
295 3196 475 3271 corpore,
502 3174 562 3250 sed
589 3174 641 3251 ita
669 3177 808 3274 spirans
834 3175 956 3253 nitore
986 3176 1137 3268 vultus,
1164 3195 1206 3252 ut
1234 3174 1310 3273 ipse
1337 3173 1519 3254 solaribus

73 3284 84 3298 “
176 3323 204 3364 „
230 3271 342 3349 radiis
361 3271 599 3386 preniteret.
627 3277 757 3376 Quem
785 3276 1005 3354 deosculans
1032 3273 1275 3353 sanclissrmus
1303 3273 1519 3353 Patriarcha

172 3405 200 3467 5,
227 3378 443 3467 Antonius,
468 3369 556 3453 cum
583 3376 691 3455 omni
718 3378 823 3455 clero
849 3377 885 3454 8(
907 3374 1051 3477 populo
1077 3373 1280 3452 attolentes
1306 3369 1519 3474 ipsumcor·

170 3523 200 3568 ‚,
226 3497 295 3572 pus
319 3473 543 3552 Sanslissimi
572 3477 679 3554 Pauli
707 3476 744 3554 8(
770 3476 931 3556 serentes
954 3476 1204 3577 deposuerunt
1233 3475 1272 3552 in
1287 3475 1430 3575 templo
1443 3478 1520 3554 san·

173 3624 202 3669 ,‚
228 3572 382 3652 &inne
396 3576 566 3653 Domine
579 3577 701 3657 nostre
713 3578 909 3677 genitricis
922 3578 1024 3672 Dei,
1049 3577 1242 3675 &semper
1253 3574 1424 3675 Virginis
1437 3575 1520 3656 Ma·

171 3695 199 3768 ¹„
225 3676 280 3764 rie
294 3678 315 3774 s
324 3674 397 3772 6)(ο
415 3676 623 3768 dionanto
650 3677 691 3754 in
718 3678 885 3780 predidto
907 3677 1149 3757 monasterio
1174 3676 1390 3773 Chaioma,
1416 3676 1521 3779 quod

171 3826 202 3868 „
225 3774 263 3850 8(
284 3800 529 3876 usque‘nunc
559 3779 738 3858 sanctum
761 3779 1054 3858 &Venerabile
1080 3779 1215 3879 corpus
1242 3779 1430 3879 Martyris
1465 3778 1521 3857 ita

170 3927 202 3971 „
226 3873 378 3952 videtur
404 3876 596 3979 integrum
622 3879 661 3958 8(
686 3879 816 3960 sanum
837 3880 1018 3961 sanltates
1045 3877 1521 3982 perficiensonrnibusejus

168 4003 201 4042 :⁴
274 3977 520 4096 'Turullius
832 4003 836 4010 ’
947 4003 950 4016 ¹
1020 3982 1109 4060 8·
1238 3997 1245 4046 5
1328 3978 1470 4076 „auxi-

171 4135 235 4254 1(ό)
255 4131 520 4250 remenuranda
540 4133 713 4258 Paarepopri
735 4179 897 4259 ,enqnoi
919 4183 953 4240 us
974 4133 1064 4242 refert
1079 4176 1236 4242 ‚Dandulur
1257 4133 1274 4252 ,Ι
1287 4193 1438 4255 acceptum
1459 4179 1518 4241 suit

255 4271 358 4328 corpur
379 4254 831 4411 ⁵·Psslliflff'lfier‘iffllsi·
890 4259 937 4317 ria
958 4257 1008 4318 insi
1051 4259 1125 4320 itum
1145 4273 1226 4328 erat,
1246 4255 1322 4331 quod
1343 4277 1378 4317 er
1400 4257 1520 4316 authen·

204 4337 209 4344 ’
242 4327 321 4386 ’Μ’
340 4313 532 4426 ᾀωῃωθΰῆ,
562 4329 652 4440 {lent
664 4339 702 4418 iu'⁸
715 4355 751 4432 ep
771 4323 1002 4424 e'mnl'supepius'
1028 4333 1159 4395 audatus'
1171 4332 1273 4396 Paulus
1292 4335 1397 4397 Priorir
1416 4349 1520 4393 munus

166 4422 187 4450 ⁸·
251 4421 396 4466 mrem.
435 4419 469 4459 ιι·
500 4411 695 4460 ...Ἅιἰ
743 4421 868 4456 rcus
899 4415 917 4450 ·.'
989 4443 997 4452 .
1049 4425 1123 4470 (μ
1173 4443 1179 4450 ,
1304 4441 1313 4452 ,
1416 4421 1433 4434 Α,

507 4533 523 4560 ἡ
