3934 5342
498 358 710 447 Ssucrr
742 358 990 446 Gnoson
1023 357 1294 455 Murosrrc.¹
1438 381 1518 469 239

197 510 394 586 Tarvisium,
427 509 587 573 honoriam
607 551 618 586 ,
644 507 806 592 Triperium
832 552 843 585 ,
893 527 1003 571 morem
1023 508 1142 570 &beati
1156 506 1300 571 Benedihli
1321 503 1451 599 regulam
1470 527 1537 587 pro·

200 591 381 660 Ariminum,
397 589 558 661 Veronam,
577 586 783 650 &Romaniam
793 606 843 664 prr
893 588 1023 647 viderint
1044 585 1231 720 elipendum.
1257 590 1446 646 Decernrmuc
1466 604 1537 666 ergo

198 665 337 742 presentis
358 667 435 724 enim
454 663 600 743 privilegii
622 667 843 745 paginamhpo·
891 665 1012 724 omnino
1032 661 1105 721 nuli
1126 663 1274 722 hominum
1289 663 1377 722 liceat
1392 662 1539 740 prefatum

198 740 301 802 stolicis
320 742 493 801 auctoritare
513 740 663 802 statuimus
679 783 689 815 ,
708 757 741 801 ut
761 738 843 799 locus
893 739 1099 801 Monasieriuns
1126 754 1235 798 temere
1266 738 1435 815 perturbere
1449 754 1539 817 „sut

187 816 278 877 'idem
297 817 347 875 suh
366 820 448 876 Beati
469 819 546 877 Petri
573 816 726 878 surella&
748 830 844 893 prote·
893 817 954 889 ejus
974 814 1153 891 poueffionn
1177 810 1324 888 sufferre,
1350 816 1397 873 vel
1424 814 1540 877 ablatas

197 893 293 953 stone
314 894 344 953 in
364 912 413 969 prr
452 908 532 954 tuum
552 893 626 955 liber
645 893 846 955 conservetur.
896 894 1039 965 retinere,
1059 897 1205 965 minuere,
1224 889 1272 949 seu
1290 889 1468 967 quibuslibet
1488 911 1540 953 se·

199 973 262 1029 Nec
288 971 417 1030 Parricrc
439 989 457 1030 a
482 989 537 1031 nec
573 968 727 1047 Episcopus
754 989 845 1047 neque
896 970 1062 1030 rationibus
1082 969 1207 1048 farigare
1232 965 1280 1027 sed
1305 968 1406 1027 omnis
1424 969 1541 1047 integro

199 1044 321 1122 persona
339 1045 470 1124 quelibet
482 1045 678 1109 Ecclefiastier
698 1046 845 1106 secularis-
895 1045 1100 1106 conserventur
1125 1063 1225 1106 eorum
1254 1062 1308 1120 pro
1339 1062 1462 1120 quorum
1488 1063 1543 1122 gu·

200 1139 238 1182 ve
259 1140 310 1181 ror
331 1122 476 1199 presumat
501 1122 538 1184 td
565 1124 723 1185 concilium
743 1141 847 1203 cogere
897 1124 1070 1184 bernarione
1098 1139 1133 1184 ac
1160 1119 1383 1181 substentatione
1409 1120 1543 1181 concesse

199 1211 254 1259 sut
274 1200 303 1258 in
326 1217 378 1259 voc
398 1202 705 1262 excommunicationis
730 1199 776 1260 seu
804 1214 847 1259 et·
896 1199 960 1260 sunt
983 1198 1075 1259 usibus
1095 1197 1270 1259 omnimodis
1290 1196 1459 1272 profutura.
1479 1195 1544 1258 ssl-

199 1275 261 1338 ian
282 1276 428 1335 interdisli
458 1275 633 1336 sentenciam
662 1274 847 1356 promulgare
897 1295 935 1337 vs
965 1274 1043 1335 Sedit
1070 1273 1230 1352 Apostolice
1264 1273 1470 1335 rudioritrte.
1499 1272 1544 1334 Ad

199 1350 232 1409 in
253 1352 429 1410 Monaderio
449 1352 509 1427 ipso
522 1352 660 1431 quicquid
680 1369 776 1430 preter
797 1371 846 1413 re·
896 1353 1036 1413 iudicium
1064 1366 1162 1411 eutem
1191 1365 1324 1483 percrpre
1345 1350 1428 1408 huius
1447 1369 1466 1410 a
1486 1354 1545 1412 lio·

198 1425 287 1486 stram
307 1424 489 1488 uoluntatem
509 1428 648 1503 statuere,
668 1445 720 1490 sut
740 1434 846 1489 Mons·
895 1446 983 1490 mana
1010 1427 1135 1488 Ecclesia
1162 1426 1308 1487 liberrsrs
1334 1444 1437 1486 aureoc
1469 1426 1545 1486 duos

198 1502 269 1562 chos
288 1519 340 1562 tut
359 1501 491 1564 clericor
516 1505 621 1566 vestros
648 1507 846 1565 excommuni-
895 1503 1013 1595 fingulis
1040 1506 1124 1566 sonis
1144 1504 1227 1564 nobis
1254 1502 1411 1580 nostrisque
1437 1501 1547 1563 succes·

197 1593 281 1639 cstos
301 1578 360 1638 fiee
380 1578 483 1652 cirsion
510 1581 556 1640 rel
586 1583 726 1662 fugitiuor
753 1580 848 1640 chsol·
895 1581 1006 1643 sorrbus
1027 1581 1219 1660 persolveris.
1246 1582 1272 1638 Si
1324 1583 1368 1637 uis
1395 1581 1484 1659 igitur
1511 1582 1544 1639 in

197 1668 268 1714 vere
287 1670 338 1716 sut
358 1655 513 1732 suscipere,
531 1656 578 1717 rel
600 1658 657 1718 sine
672 1657 765 1718 reslro
777 1674 845 1716 con·
896 1659 1027 1723 suturum
1049 1658 1233 1729 patriarcha,
1251 1599 1545 1732 Arduepiscopurvel

198 1729 276 1790 sensu
303 1730 340 1790 sd
365 1735 481 1792 ordines
509 1753 707 1808 promovere.
732 1734 846 1794 Crisma
895 1734 1049 1812 Episcopus
1069 1748 1120 1793 aut
1140 1731 1337 1793 Ecclefinslica
1349 1731 1479 1808 quelibet
1499 1732 1544 1792 fe·

200 1824 272 1866 vero
289 1807 385 1867 oleum
406 1810 537 1868 Sanstsm
557 1810 786 1872 consecrationes
795 1811 844 1869 ΑΙ·
894 1811 1040 1871 colarisre
1060 1809 1275 1901 personabant
1296 1806 1390 1868 nostre
1404 1807 1544 1869 constitu·

197 1884 305 1943 terium
339 1883 397 1943 ssre
427 1885 610 1946 Basilicarum
644 1887 844 1947 ordinationes
895 1889 984 1948 tionis
1006 1905 1139 1978 papinum
1166 1885 1255 1946 sciens
1281 1900 1385 1945 concta
1413 1904 1476 1945 eam
1497 1901 1543 1945 rt·

197 1960 409 2020 usonrehorum
430 1965 478 2038 qui
500 1962 538 2021 nd
559 1964 652 2022 sacros
671 1964 780 2023 suerint
794 1982 843 2021 or·
894 1983 973 2025 mere
994 1982 1092 2025 venire
1113 1964 1304 2039 temptaverit
1330 1962 1454 2021 secundo
1479 1977 1543 2022 ter·

199 2035 279 2095 dines
300 2038 490 2111 promovendi
512 2039 843 2115 sDiocesanoaccipie·
894 2043 973 2100 tiore
1007 2041 1188 2099 commonito
1221 2037 1273 2098 nisr
1314 2053 1426 2097 motum
1460 2035 1543 2101 suum

198 2114 237 2173 ris
258 2115 413 2190 Episcopo.
433 2116 576 2191 Siquidem
596 2117 843 2196 gratiamdrcom·
893 2134 1024 2194 congrua
1048 2113 1243 2175 sarissasiione
1269 2116 1429 2174 correxerit
1458 2132 1543 2191 potc-

105 2194 108 2201 ‘
197 2190 363 2250 munionem
385 2191 549 2267 spostolice
568 2194 645 2251 Sedis
664 2192 799 2252 habuerit
814 2192 842 2249 ἃ
890 2193 971 2253 ilaris
993 2193 1168 2268 honorisque
1194 2189 1235 2250 sui
1266 2205 1366 2252 carent
1396 2191 1544 2269 dignitate

197 2266 274 2325 dea
293 2270 386 2344 gratie
406 2286 441 2327 ac
460 2267 520 2327 fsne
546 2271 694 2343 pravitate
714 2268 841 2327 voluerit
892 2288 1027 2345 reumque
1048 2270 1075 2326 se
1095 2268 1197 2328 divino
1223 2267 1333 2329 iudicio
1359 2267 1477 2328 existere
1503 2268 1542 2329 de

198 2343 357 2402 exhibere.
377 2342 424 2402 Ali
467 2346 514 2402 uin
537 2363 591 2420 pro
610 2342 775 2405 eorumdem
795 2348 843 2403 St·
895 2359 1065 2422 perpetrata
1092 2345 1249 2422 iniquitute
1276 2343 1432 2422 cognoscat
1465 2344 1541 2406 &e

198 2433 416 2478 crementorum
462 2418 626 2494 usceprione
658 2421 844 2480 Catholicum
894 2420 1072 2480 Sansiiliimo
1092 2439 1215 2497 corpore
1235 2420 1262 2478 ἃ
1282 2420 1418 2498 sanguine
1437 2422 1492 2480 Dei
1512 2421 1541 2481 ἃ

198 2511 284 2570 quem
305 2493 457 2555 volueritis
477 2495 774 2567 antistitemsdratis,
794 2496 844 2573 qui
895 2499 1013 2555 Domini
1034 2495 1237 2572 Redemptorir
1265 2495 1354 2556 nostri
1372 2495 1433 2569 Jefu
1452 2498 1541 2558 Clsri-

198 2567 361 2642 Apoilolicc
380 2570 458 2631 Sedis
478 2570 747 2632 sulrusausloritate
767 2569 846 2648 quod
896 2572 929 2632 sti
959 2570 1057 2631 aliena
1085 2571 1137 2631 siat
1165 2586 1252 2649 atque
1273 2574 1302 2631 in
1324 2588 1455 2632 extremo
1474 2593 1541 2636 exa·

198 2643 361 2722 postulatur
388 2645 555 2726 indulgeat.
580 2650 712 2709 Obeunre
732 2667 804 2707 vero
816 2663 845 2708 tc
896 2650 974 2709 mine
994 2645 1118 2708 districle
1137 2647 1284 2724 subjaceat
1312 2647 1441 2709 ultioni.
1460 2653 1541 2710 Cun·

197 2721 844 2877 ”llicl⁰lzlrllrllzlnt‘¹llll
894 2721 1543 2877 il,5‘isli‘'illl‘’lllls‘ell·

212 2876 385 2951 urreprionis
412 2877 517 2937 aiiurie
544 2876 602 2938 ssue
636 2875 776 2938 uiolentia
804 2876 844 2935 ibi
894 2876 927 2936 sti
948 2891 1089 2956 quatenus
1110 2876 1336 2939 &hicsrutium
1356 2879 1430 2938 bone
1450 2880 1540 2940 allio·

199 2967 378 3027 preponatur
397 2951 450 3011 nili
492 2971 555 3012 uem
583 2954 689 3014 sratrer
716 2971 844 3013 commu·
895 2953 940 3013 nis
960 2953 1124 3030 percipient
1144 2953 1171 3012 ἁ
1192 2954 1268 3031 opud
1288 2954 1444 3015 distrifium
1464 2957 1540 3018 iudi·

199 3028 231 3117 ni
253 3026 385 3117 consensu
405 3026 453 3087 rel
470 2973 599 3090 drstrum
619 3031 736 3104 majoris
755 3030 781 3088 st
803 3029 845 3089 st·
895 3047 958 3089 cem
985 3032 1097 3119 premia
1123 3044 1223 3092 eterne
1250 3032 1329 3111 pacis
1349 3033 1501 3097 inveniant
1527 3076 1539 3097 .

198 3120 290 3162 nsorss
309 3120 377 3179 pars
403 3103 517 3165 consilii
543 3106 696 3167 secuudum
722 3106 778 3166 Dei
807 3107 845 3165 ti·
897 3112 989 3168 Arnen
1012 3114 1103 3168 Amen
1124 3113 1232 3168 Amen.

197 3257 238 3334 ᾖ
256 3258 321 3334 Ego
339 3259 496 3337 Gregorius
516 3260 670 3323 catholice
688 3259 814 3323 Bcclcsse
834 3260 990 3338 Episcopus
1009 3262 1045 3323 ss.

194 3335 235 3408 tls
254 3335 315 3409 Ego
333 3334 464 3395 Thomas
483 3337 583 3397 Sanslc
601 3338 704 3398 Sabine
724 3339 819 3398 Presb.
837 3339 926 3399 card.
947 3341 999 3398 tir.
1018 3339 1053 3399 ss.

253 3412 316 3488 Ego
337 3412 559 3473 Bartholomeus
577 3415 677 3475 &nile
698 3415 868 3476 Fidentiane
889 3415 983 3474 Presb.
1008 3413 1100 3476 Cerd-
1114 3414 1171 3476 tit.
1191 3414 1311 3478 Pastoris
1328 3415 1365 3479 ss.

253 3489 315 3560 Ego
332 3488 529 3566 Sigrmbaldus
550 3493 600 3549 rit.
627 3491 723 3552 sensti
743 3493 890 3552 morentii
910 3490 946 3551 de
966 3494 1077 3554 Lucina
1098 3490 1193 3555 Presb.
1212 3493 1301 3556 Card-
1320 3494 1356 3556 ss.

254 3565 314 3638 Ego
332 3564 454 3635 lacobus
474 3566 652 3627 Tusculanus
672 3566 827 3645 Episcopus
847 3568 882 3626 ss.

254 3640 315 3716 Ego
332 3642 506 3703 merianus
524 3643 691 3704 &ociorum
711 3648 802 3725 Sergii
824 3643 850 3703 dr
871 3646 959 3705 Bachi
979 3647 1068 3706 Diac.
1087 3643 1175 3706 card.
1194 3646 1230 3707 ss.

255 3719 318 3793 Ego
337 3721 490 3779 Rainerius
509 3718 609 3780 sande
628 3722 723 3781 Marie
742 3722 772 3781 iu
793 3721 947 3782 &smedin
975 3723 1060 3785 Disc.
1087 3721 1176 3784 card.
1194 3724 1230 3784 ss.

259 3794 320 3867 Ego
339 3797 438 3854 Petrus
457 3797 550 3856 Sinchi
568 3800 688 3877 Georgii
708 3796 746 3858 ad
765 3797 876 3859 sellum
895 3816 1016 3860 aureum
1036 3801 1121 3861 Diae.
1140 3801 1228 3862 cert.
1248 3800 1283 3862 ss.

231 3945 342 4002 Datum
370 3946 472 4007 Perufii
501 3967 552 4025 per
577 3968 695 4010 manum
721 3950 845 4011 Martini
873 3955 979 4014 Ssnsloe
1005 3957 1140 4013 Romano
1166 3951 1297 4014 Ecclefiae
1323 3953 1535 4020 vicecancella-

193 4019 232 4078 rii
252 4023 326 4079 1111.
347 4020 413 4079 Kal.
433 4025 548 4162 Augusti
569 4027 721 4088 indicione
741 4026 863 4090 secunde
883 4029 1100 4090 lncarnstionis
1112 4031 1272 4090 Dominicis
1286 4049 1365 4091 suno
1377 4032 1535 4096 Millesimo

186 4093 392 4236 ‘ffict‘rggdomo
405 4098 471 4181 rige
494 4119 543 4162 roo
562 4118 657 4165 noso.
678 4102 867 4169 santificatus
888 4124 959 4169 vero
978 4109 1099 4169 morini
1117 4107 1252 4188 Gregorii
1283 4112 1332 4187 Pp.
1355 4110 1448 4171 vnn.
1475 4118 1533 4174 Ao·

1431 4480 1499 4541 Gre-
