3934 5342
516 424 602 508 244

753 388 1509 479 DcMorttsrettro‘

442 606 739 693 Innocentiuslts.
760 605 964 710 privilegia
984 601 1284 707 dpraecrffort'but
1300 604 1380 706 suit
1401 607 1620 712 Monollert'u
1632 619 1785 690 acerr-

782 708 839 808 gt't'
860 707 1018 808 Μαίονές
1038 708 1197 810 concrffa
1226 708 1439 808 confirmat.

453 894 531 976 BB

921 916 1046 996 1244
1084 914 1149 996 17.
1181 887 1378 1000 Januarii.
1413 992 1421 1007 ὃ

622 1083 664 1139 Et
685 1076 874 1159 autographo
891 1080 922 1140 in
944 1079 1072 1142 Archino
1091 1077 1259 1140 Mootllerii
1285 1081 1315 1139 S.
1331 1079 1449 1169 Georgii
1469 1078 1609 1155 Majoritt

443 1232 660 1369 INnocetttiut
688 1230 842 1308 Episcoput
868 1236 969 1293 Seritur
989 1237 1090 1294 Serto·
1140 1230 1200 1292 lum
1222 1230 1401 1309 polstllionet
1428 1246 1521 1293 certat
1541 1233 1640 1290 vineat
1668 1247 1785 1293 nemora

503 1326 565 1367 rum
587 1311 641 1367 Dei
662 1308 782 1367 Dileelit
801 1309 870 1369 liliis
898 1311 1006 1369 Abbati
1025 1315 1092 1368 Mo·

442 1382 559 1443 nasterii
589 1384 682 1444 sancii
702 1386 819 1463 Georgii
847 1387 924 1462 quod
944 1386 984 1444 tll
1004 1385 1090 1446 strum

443 1458 527 1533 jutta
554 1462 687 1520 Veneriae
713 1461 830 1538 ejutque
862 1461 1001 1521 fratribus
1029 1478 1090 1521 tarn

1142 1308 1259 1385 paludes
1279 1308 1380 1368 domoc
1407 1308 1434 1366 dt
1454 1309 1580 1369 redditur
1608 1326 1679 1383 quot
1701 1308 1786 1366 habe·

1141 1388 1179 1444 tit
1209 1402 1271 1444 tant
1298 1386 1328 1442 in
1354 1387 1478 1444 civitate
1505 1403 1593 1462 quant
1622 1386 1652 1441 in
1674 1382 1784 1443 Diocefi

1141 1460 1297 1520 Paduana.
1317 1461 1460 1537 Quicquid
1481 1462 1594 1522 haberit
1615 1462 1690 1533 apud
1710 1460 1785 1518 T'ar·

442 1535 624 1609 presentibus
641 1556 726 1614 quant
748 1538 852 1596 turum
873 1539 1033 1617 regularem
1048 1541 1090 1596 ti·
1139 1538 1240 1597 tistum
1261 1538 1419 1596 Bnnobiam
1442 1536 1603 1615 Trigellum
1625 1537 1784 1595 Ariminum

440 1624 505 1671 tant
527 1613 702 1688 proseffitirt
718 1628 903 1689 perpetuum.
925 1618 971 1673 rie
995 1613 1088 1689 pollu-
1139 1616 1280 1673 Veronam
1306 1614 1333 1671 dt
1354 1618 1550 1672 Remmiam.
1579 1615 1628 1670 l’er
1649 1612 1783 1686 presentie

440 1683 520 1747 latio
534 1687 695 1749 voluntarla
707 1687 807 1749 effellu
820 1690 906 1750 debet
921 1691 1090 1769 prosequen-

349 1784 356 1795 “
441 1777 475 1822 te
494 1764 632 1842 compleri
652 1784 793 1843 quatenut
812 1766 1020 1827 &deuotionis
1033 1765 1086 1826 stn-

441 1841 550 1900 ceritat
568 1842 756 1902 laudabiliter
776 1843 915 1902 enitescat
935 1842 1090 1913 &utilitas

448 1915 591 1985 postulata
612 1920 687 1977 tiret
708 1918 907 1978 indubitanter
922 1920 1091 1979 aslummat.

441 1993 606 2069 Etproprer
625 1993 722 2053 dileeli
738 1996 902 2054 inDomino
923 1993 977 2054 filii
993 1995 1091 2054 veslrir

447 2065 525 2139 jttslit
545 2067 782 2142 postulationibus
802 2069 961 2130 clementer
989 2073 1091 2129 annui·

443 2160 507 2199 mur
522 2143 548 2200 dr
564 2145 770 2206 Monallerturn
787 2147 880 2205 saneti
901 2148 1019 2225 Georgii
1034 2150 1091 2206 Ca·

440 2215 561 2277 uellate
575 2221 710 2281 Diocefit,
721 2224 750 2281 in
766 2241 825 2300 qtto
839 2221 908 2282 ruit
918 2222 1021 2281 diuino
1039 2224 1091 2280 ob·

440 2290 706 2377 sequiomancipati
723 2297 759 2358 ad
773 2300 919 2375 exemplar
933 2298 1029 2357 stlicit
1045 2318 1089 2357 re·

438 2369 621 2430 cordationis
639 2373 738 2434 Calllli
761 2378 883 2434 Honorii
906 2375 932 2432 dr
952 2376 1092 2453 Gregorii

440 2446 667 2519 predecessorum
702 2451 861 2510 nostrorum
892 2456 1090 2511 Romanorum

437 2522 611 2584 Pontificum
627 2525 679 2585 sula
691 2528 776 2587 Beati
788 2529 864 2587 Petri
875 2528 900 2585 ἃ
910 2527 1005 2586 nostra
1022 2547 1089 2602 pro·

437 2598 566 2659 tellione
591 2600 754 2682 suscipimur
781 2606 809 2663 dr
830 2604 967 2679 presentis
987 2603 1086 2680 scripti

437 2676 827 2815 &llll-etmulti
846 2680 1088 2831 llllllll}

439 2824 595 2886 secundum
616 2834 709 2889 Deum
730 2831 756 2888 dt
778 2834 858 2890 Beati
881 2832 1022 2889 benedidli
1047 2851 1088 2890 te·

437 2900 715 3037 gpgagrinipsceodcm
736 2907 914 3041 Monadepi‘q
940 2906 1090 2966 inllirutut

438 3051 520 3113 rlbut
543 2998 963 3121 inVigpppipqppepp‘ratvettppt·
975 2997 1088 3118 tl’Tebg:

434 3147 488 3187 rea
506 3148 688 3210 quascunque
718 3136 896 3211 pollesltonet
916 3153 1087 3212 quecunque

437 3204 617 3292 boualident
646 3212 850 3271 Montsltrium
879 3215 908 3269 in
932 3211 1087 3286 presentia-

434 3300 501 3339 rum
523 3283 592 3357 pulle
620 3304 654 3343 ac
676 3291 815 3348 canonice
844 3289 964 3363 possidet
984 3305 1035 3347 tttt
1056 3290 1086 3347 in

337 3428 340 3433 Α
435 3357 568 3419 sutorum
597 3364 775 3430 concellione
806 3364 975 3424 Pontificum
998 3365 1087 3443 largi·

435 3435 519 3493 tione
541 3440 649 3515 Regum
679 3439 725 3499 tel
745 3443 909 3517 Principum
937 3442 1086 3500 oblatione

433 3508 583 3586 fidelium,
604 3513 649 3573 seu
665 3515 731 3575 aliie
753 3517 829 3591 jullit
850 3519 941 3575 modia·
960 3517 1098 3592 prestant

432 3602 466 3642 te
486 3586 605 3647 dununo
627 3595 733 3666 poterit
750 3594 867 3668 adipisci
883 3592 966 3652 firma
987 3594 1085 3665 tobit,

434 3662 589 3741 velitisque
604 3666 824 3741 uererentur,
845 3669 1003 3729 &illibata
1022 3689 1086 3746 per·

432 3755 588 3800 maneant:
609 3747 642 3802 In
686 3746 766 3804 uibut
785 3747 836 3805 ltec
859 3749 981 3822 propriis
1003 3746 1098 3805 duel,

431 3831 497 3874 mut
516 3765 704 3893 exprimenda
723 3821 889 3882 vocabulit.
910 3828 1017 3881 Locum
1040 3825 1048 3880 i
1071 3854 1084 3869 ·

429 3887 491 3952 sum
512 3894 541 3950 in
562 3914 621 3970 quo
643 3899 787 3972 ptestttun
818 3899 1026 3958 Monalleriutn
1047 3842 1083 3959 Ε·

429 3981 495 4027 tum
516 3969 555 4028 est
576 3992 640 4031 cum
662 3976 795 4038 omnibus
825 3977 1009 4051 pertinentiis
1029 3975 1090 4033 suit·

473 4044 611 4134 desponer
633 4067 724 4112 terras
741 4051 842 4112 domna
856 4054 881 4111 ἃ
897 4052 1091 4128 reditutquot

453 4120 545 4177 abetrt
568 4128 608 4201 ¹in
640 4129 767 4189 Venetiit
798 4133 910 4189 vineam
940 4146 1091 4189 muratam

433 4210 500 4253 curn
523 4204 705 4286 pertinentiir
733 4206 788 4265 suit
817 4204 1007 4282 pullelstonet'
1029 4222 1086 4265 ter·

429 4289 479 4329 rat
490 4272 601 4362 'salinas
616 4279 715 4339 dornot
731 4283 757 4340 dc
775 4284 923 4351 redditur,
943 4302 1015 4358 quot
1033 4284 1086 4343 ba·

436 4345 511 4407 bertr
532 4352 560 4411 in
582 4352 679 4433 clugia
699 4359 802 4427 maiori
820 4361 846 4417 dr
862 4361 968 4418 minori
984 4359 1010 4415 dt
1028 4357 1085 4435 pel·

438 4420 557 4493 lelltina
576 4433 713 4513 quicquid
734 4435 846 4500 haberit
868 4434 945 4519 apud
964 4433 1085 4500 Torcel-

1139 1693 1216 1748 enim
1241 1687 1385 1768 privilegii
1405 1694 1543 1768 paginam
1562 1688 1722 1762 Apostolica
1738 1704 1786 1745 au·

1140 1765 1277 1829 dictitare
1304 1764 1454 1825 statuimur
1482 1781 1515 1823 ut
1536 1765 1618 1823 locut
1644 1764 1721 1822 idem
1738 1763 1786 1820 sub

1142 1844 1230 1901 Beati
1247 1844 1324 1901 Petri
1345 1841 1453 1900 tutella
1472 1843 1499 1898 dr
1517 1841 1694 1916 protedlione
1715 1840 1787 1897 liber

1141 1915 1586 2068 lrrlll‘llffltsslll'lf‘lz
1605 1918 1787 2066 alell

1140 2069 1269 2147 quelibet
1302 2067 1490 2128 ecclesiastica
1532 2012 1702 2128 secularisve
1735 2085 1786 2125 rut

1141 2146 1284 2222 presumat
1311 2146 1352 2204 ad
1376 2145 1533 2205 concillum
1560 2158 1737 2224 cogeretur
1754 2145 1784 2201 in

1141 2241 1192 2281 vot
1221 2223 1527 2281 excommunicationis
1554 2220 1600 2279 seu
1628 2222 1718 2278 etiam
1744 2220 1788 2275 in·

1141 2296 1254 2356 terdidll
1276 2297 1447 2357 sententiam
1469 2297 1652 2375 promulgare
1674 2299 1703 2353 in
1722 2299 1786 2352 Mo·

1140 2373 1264 2434 naslerio
1284 2375 1345 2450 ipso
1365 2377 1520 2450 quicquam
1541 2389 1643 2449 praerer
1664 2370 1783 2430 uestram

1140 2449 1322 2510 voluntatem
1344 2449 1467 2509 timuere
1486 2467 1537 2508 aut
1559 2448 1715 2508 monachor
1736 2465 1783 2505 te·

1138 2526 1210 2586 slrot
1238 2528 1502 2585 excommunicatur
1529 2525 1587 2585 fite
1613 2526 1717 2598 ejectos
1737 2523 1785 2581 tel

1139 2602 1281 2683 sugititot
1301 2601 1448 2662 absolvere
1461 2615 1513 2662 aut
1533 2600 1671 2676 suscipere
1692 2596 1736 2658 uel
1750 2599 1782 2659 st·

1138 2698 1175 2737 ne
1195 2679 1288 2739 uestro
1307 2677 1439 2738 consensu
1467 2678 1505 2738 ad
1523 2679 1640 2737 ordinet
1669 2693 1782 2752 promo·

1139 2771 1222 2815 tere.
1243 2754 1353 2814 Crisma
1374 2772 1444 2814 ueto
1464 2755 1560 2813 oleum
1574 2754 1699 2814 sandlum
1714 2770 1780 2810 eon·

1138 2829 1311 2889 sacrationes
1344 2830 1482 2890 altarium
1519 2830 1577 2890 fite
1604 2828 1782 2889 bafilicarum

1137 2908 1339 2967 ord'ntatlonet
1363 2908 1569 2967 monachorum
1596 2907 1645 2983 qui
1680 2905 1716 2963 ad
1743 2905 1783 2962 sa·

1138 3001 1202 3040 cros
1224 2983 1330 3041 suerint
1347 2983 1461 3042 ordinet
1498 2982 1665 3041 removendi
1680 3001 1697 3038 a
1711 2983 1782 3039 Dio-

1136 3058 1238 3118 cesano
1251 3060 1403 3136 accipient
1417 3063 1466 3137 Ep'
1480 3077 1554 3135 copo
1567 3056 1705 3135 liquidem
1719 3075 1782 3134 gra·

1138 3137 1212 3193 tiam
1234 3136 1260 3193 ἃ
1281 3139 1513 3196 communionem
1541 3135 1619 3194 Sedit
1641 3132 1782 3209 Apostoli·

1139 3229 1171 3270 ct
1193 3211 1326 3272 habuerit
1347 3212 1373 3269 dr
1394 3212 1570 3291 lieagratir
1591 3230 1625 3270 tc
1645 3210 1703 3270 line
1718 3227 1782 3285 pra·

1139 3290 1234 3347 vitare
1256 3287 1382 3348 voluerit
1402 3289 1553 3350 exhibete.
1574 3286 1706 3365 Alioquin
1728 3303 1786 3361 pro

1138 3382 1238 3424 eorum
1266 3364 1512 3425 sacramentorum
1539 3364 1714 3441 susceptione
1733 3380 1783 3420 ca·

1139 3441 1284 3501 tholicum
1313 3461 1401 3519 quent
1441 3441 1592 3501 volueritis
1625 3436 1783 3500 antistitem

1137 3517 1254 3576 adeatie
1268 3521 1322 3595 qui
1341 3516 1505 3592 apostolica
1525 3517 1601 3577 Sedit
1621 3515 1712 3576 sulcat
1732 3535 1782 3574 au·

1136 3594 1274 3653 dioritate
1307 3595 1385 3670 quod
1417 3595 1577 3672 postulatur
1604 3592 1788 3671 indulgeat.

1129 3668 1269 3730 obeunte
1291 3688 1360 3728 vero
1375 3686 1403 3728 re
1419 3690 1495 3731 nune
1514 3670 1638 3744 ejusdem
1657 3670 1714 3728 luci
1730 3668 1784 3727 ab·

1137 3745 1204 3806 bare
1227 3747 1271 3805 vel
1288 3763 1409 3806 'tuorum
1438 3748 1570 3825 quolibet
1598 3745 1784 3805 successorum

1137 3822 1235 3881 nullut
1263 3821 1303 3882 ibi
1324 3823 1456 3900 quolibet
1485 3825 1673 3900 surreptionis
1692 3819 1788 3880 abstu-

1135 3899 1181 3959 cia
1202 3897 1247 3958 seu
1274 3899 1415 3961 violentia
1438 3915 1615 3978 preponatur
1632 3897 1684 3958 nifi
1704 3914 1791 3976 quem

1135 3975 1240 4036 fratrer
1261 3980 1409 4039 communi
1430 3976 1568 4038 consensu
1594 3974 1644 4036 vel
1663 3977 1786 4034 fratrum

1137 4071 1204 4129 part
1224 4054 1342 4126 majoris
1363 4055 1409 4115 vel
1424 4051 1667 4124 sanioritconltlii
1689 4051 1786 4110 secun·

1136 4129 1210 4189 dum
1233 4132 1289 4189 Dei
1312 4132 1451 4190 titnoeem
1477 4131 1504 4189 dt
1533 4132 1614 4193 Beati
1643 4126 1789 4187 ldenedidli

1138 4204 1665 4287 regulamprotideruttt‚eligendum.
1681 4209 1790 4265 Decet·

1137 4286 1232 4342 nimus
1252 4304 1321 4362 ergo
1342 4300 1374 4342 ut
1395 4282 1468 4343 nulli
1499 4286 1619 4343 omnino
1637 4282 1785 4342 bominum

1137 4358 1225 4418 liceat
1261 4360 1405 4436 prelatum
1434 4360 1642 4419 Monallerium
1678 4371 1788 4416 temere

1137 4436 1307 4513 Perturbare
1335 4437 1442 4514 &ejus
1470 4431 1652 4515 pollell'tonet
1681 4430 1789 4574 ”gf‘e
