3934 5342
468 360 677 445 Snunrr
709 358 947 470 Gnoncrr
981 353 1254 451 Maronis.
1388 384 1466 444 111

182 572 213 618 „
238 534 353 620 gnam
374 509 600 593 exhiberent
628 507 915 604 reverentiam,
938 507 1094 610 quidam
1120 509 1332 593 contraditas
1355 512 1529 596 Patavini

181 617 444 720 „comitatus
471 611 537 692 vix
561 612 642 691 solo
678 633 845 712 corpore⁴
871 630 1019 711 reptans
1055 636 1077 688 a
1104 609 1381 696 transeuntibus
1417 616 1528 719 depo·

186 774 216 819 „
271 718 365 799 oscit
386 712 542 794 subsidia
563 768 576 811 ,
601 733 785 815 quatenus
816 710 928 791 illum
960 708 1147 791 deferrent
1183 714 1226 792 in
1250 716 1451 798 Venetiam
1481 721 1529 799 ad

184 875 215 919 „
241 746 368 899 dandi
394 814 717 917 Protlromartyris
743 812 907 892 limina.
945 809 1122 893 Habebat
1154 813 1257 893 enim
1292 816 1394 918 quast
1415 819 1531 918 poste.

186 977 216 1026 ,‚
241 918 333 999 riori
360 917 458 1021 parti
485 913 631 998 natium
655 911 764 1018 pedes
784 911 985 1008 confixos,
1020 913 1058 993 8<
1083 912 1184 1029 qrrafi
1206 916 1331 1017 palme
1350 921 1532 1010 counitos

187 1077 216 1126 ‚,
239 1019 403 1122 digitos.
430 1018 512 1121 Qui
536 1018 708 1100 videntes
733 1015 811 1117 ejus
838 1012 1021 1095 contrairi
1049 1016 1239 1097 miseriam
1261 1022 1450 1102 commoti
1475 1024 1532 1104 lu·

189 1178 217 1223 „
243 1147 308 1226 per
335 1120 448 1200 illum
474 1119 763 1214 misericordia,
799 1113 911 1197 illum
935 1118 1083 1197 vehunt
1114 1118 1290 1223 &usque
1323 1122 1370 1202 ad
1402 1124 1536 1205 navim

192 1278 220 1326 „
245 1221 455 1319 veditant,
481 1247 644 1337 eumque
670 1222 815 1301 ducunt
836 1219 883 1299 ad
903 1217 1031 1298 Sancii
1045 1219 1226 1322 Stephani
1248 1248 1384 1325 corpus
1410 1225 1537 1308 inVe·

191 1323 366 1425 fliam,
392 1321 484 1403 ficut
512 1323 767 1438 flagitaverat.
794 1319 872 1400 Ubi
900 1318 1123 1421 pernodians
1148 1321 1187 1402 dc
1212 1323 1294 1418 suas
1324 1351 1416 1425 quas
1437 1348 1538 1430 pore·

193 1481 223 1526 „
247 1446 304 1504 rat
331 1449 510 1526 peragens
546 1422 731 1525 vigilias,
765 1447 855 1503 curu
874 1422 975 1518 ¹lietu
1011 1423 1189 1506 exorabat
1217 1426 1540 1529 Prothomartyris

194 1581 222 1626 „
247 1522 452 1627 suffragia.
480 1526 573 1626 Quo
599 1524 647 1605 fic
674 1546 876 1630 peragente
902 1521 979 1621 ,bc
1005 1519 1082 1606 diei
1108 1525 1326 1624 crepusculo
1351 1528 1427 1626 jam
1453 1530 1540 1610 illu·
1625 1567 1632 1576 ·

192 1629 220 1726 ,',
246 1628 394 1721 scente,
419 1625 511 1706 dum
538 1646 625 1703 ante
652 1651 786 1727 corpus
812 1625 974 1726 jaceret,
1001 1624 1110 1706 nervi
1138 1625 1370 1724 solvuntur,
1404 1653 1539 1714 manus

189 1783 219 1829 „
245 1729 281 1808 dt
308 1727 419 1829 pedes
445 1726 724 1823 extenduntur,
749 1726 786 1806 dr
812 1724 983 1822 condiis,
1009 1727 1075 1829 qui
1097 1727 1251 1808 aderant
1272 1730 1540 1829 cernentibus,

191 1885 221 1928 „
246 1828 321 1908 sine
347 1829 506 1927 alicujus
533 1828 677 1909 auxilio
704 1827 888 1944 erigitur,
912 1853 1041 1909 coram
1069 1828 1248 1910 omnibus
1274 1830 1479 1931 graditur,
1503 1833 1541 1918 8<

191 1985 220 2030 „
246 1929 404 2011 extensis
431 1930 606 2010 manibus
634 1930 828 2022 benedixit
841 1931 996 2026 Deum,
1021 1929 1060 2010 8<
1087 1930 1440 2034 Prothomartyrem
1452 1935 1541 2014 San·

191 2086 221 2130 „
245 2030 469 2112 diffimum.
497 2034 642 2114 Omnes
668 2031 795 2134 iraque
821 2031 888 2131 qui
914 2030 1240 2128 circumstabant,
1272 2058 1362 2114 cum
1390 2035 1463 2118 hoc
1490 2035 1544 2114 vi·

192 2187 221 2231 „
245 2132 399 2229 derent,
424 2134 471 2213 ad
498 2134 634 2213 celum
653 2158 765 2213 voces
791 2132 1043 2226 extulerunt,
1068 2132 1281 2235 &corpori
1309 2132 1435 2218 fanno
1462 2160 1544 2218 mu·

191 2287 222 2331 „
246 2260 335 2314 nera
361 2236 610 2329 obtulerunt,
638 2235 674 2314 8<
700 2235 774 2315 sese
801 2255 982 2336 perpetuo
1009 2233 1045 2313 ei
1073 2257 1282 2320 voverunt.

245 2337 467 2438 „Quando
502 2333 714 2416 sandorum
743 2332 824 2415 aua
862 2357 991 2418 mente
1018 2335 1292 2431 revolvimus,
1328 2335 1543 2437 &quando

191 2488 223 2534 ,‚
248 2461 382 2516 eorum
410 2435 594 2540 miracula
620 2438 782 2539 legendo
810 2435 873 2516 vel
894 2436 1081 2518 audiendo
1094 2437 1324 2534 recolimus,
1350 2437 1434 2537 sepe
1462 2462 1545 2537 pro·

192 2590 223 2633 „
248 2536 432 2617 culdubio
458 2538 700 2638 reperimus,
726 2536 819 2639 quid
844 2538 898 2618 eis
926 2539 1061 2619 addere
1089 2537 1297 2638 possimus.
1326 2540 1410 2618 Nec
1438 2537 1544 2618 enim

194 2689 224 2734 „
251 2635 325 2717 lroc
351 2641 531 2738 approbat
544 2638 621 2718 Dei
648 2638 877 2736 clementia,
902 2637 1004 2818 Ἑιιοά
1026 2636 1289 2720 lucernatecia
1315 2637 1479 2741 caligine
1501 2638 1551 2718 la·

194 2789 228 2834 ‚,
250 2757 348 2819 teat.
375 2740 438 2818 De
461 2739 600 2841 quibus
625 2766 742 2841 pauca
768 2765 842 2842 que
869 2740 907 2819 vi
938 2740 1061 2836 imus,
1087 2741 1150 2819 vel
1177 2765 1251 2840 que
1276 2739 1361 2826 aliis
1389 2738 1548 2820 referen-

196 2891 224 2935 „
250 2837 353 2919 tibus
378 2840 605 2937 didicimus,
632 2840 785 2942 posteris
812 2841 1056 2937 excolenda,
1093 2864 1206 2941 prout
1234 2843 1447 2940 pollemus,
1475 2861 1547 2920 tra·

196 2992 224 3038 „
249 2939 398 3036 dimus,
422 2941 470 3022 ad
494 2942 597 3042 quod
623 2943 848 3043 agendum,
884 2940 911 3020 sr
936 2940 1155 3057 quid‘deest
1182 2939 1307 3020 nostro
1333 2939 1548 3120 fimsshci‘a'

196 3092 225 3137 „
251 3040 299 3120 tis
327 3040 495 3139 viribon,
521 3042 667 3125 meritis
693 3044 731 3123 8<
749 3043 850 3123 votis
875 3045 1140 3137 andrentium,
1164 3042 1232 3143 qui
1259 3043 1295 3121 le
1311 3043 1397 3122 Prot
1429 3066 1549 3122 ornar-

196 3193 225 3238 „
250 3141 328 3241 tyri
339 3143 532 3244 Stephano
559 3165 774 3244 noverunt,
799 3137 866 3245 lup
893 3144 963 3222 leri
990 3142 1237 3224 confidimus.
1265 3142 1329 3220 Eli
1355 3166 1446 3242 ergo
1473 3142 1549 3223 hoc

197 3294 226 3340 „
250 3267 371 3322 unum
398 3242 501 3323 dicio
528 3244 744 3343 mirabile,
778 3169 892 3350 quod
907 3242 1047 3325 accidit
1075 3242 1235 3322 mirifice
1262 3242 1550 3343 Prothomarry·

198 3395 227 3441 „
251 3343 302 3423 ris
328 3345 501 3426 nondum
527 3344 726 3440 recondito
763 3345 806 3425 in
835 3345 1039 3438 Venetiam
1065 3344 1192 3424 delato
1225 3367 1422 3443 corpore,
1457 3342 1552 3424 sicut

200 3497 229 3542 „
254 3444 358 3526 enim
396 3445 499 3526 soliti
536 3469 642 3542 erant
679 3446 859 3528 nonnulli
888 3445 1153 3552 Romanorum
1189 3444 1235 3523 ad
1261 3442 1398 3524 limina
1423 3442 1552 3524 Santii

201 3597 230 3644 aa
258 3544 381 3628 Marci
409 3547 606 3654 Apostoli,
631 3548 670 3628 8(
695 3548 809 3650 primi
822 3545 1066 3650 Evangelille
1093 3545 1245 3642 visenda
1264 3546 1552 3641 confluxerant,

201 3697 231 3743 „
256 3645 292 3724 bc
319 3647 474 3730 illorum
502 3650 673 3730 oratione
699 3650 890 3754 completa
917 3673 1031 3750 quam
1061 3647 1192 3730 votive
1219 3646 1553 3749 mentiproposue·

201 3799 230 3844 ,‚
256 3757 364 3844 rant,
399 3748 525 3849 postea
550 3751 625 3834 alia
652 3752 737 3832 loca
762 3749 989 3830 Santiorum
1015 3747 1262 3846 circuibant,
1288 3772 1422 3827 eorum
1448 3745 1554 3847 flagi·

203 3899 231 3945 „
257 3867 377 3929 rantes
402 3847 600 3954 suffragia,
624 3851 813 3968 dignaque
825 3849 1063 3946 exsolventes
1073 3847 1271 3949 obsequia.
1298 3849 1404 3928 Cum
1426 3847 1555 3948 itaque

204 3948 306 4048 „ad
333 3948 611 4036 Monasterium
638 3951 767 4038 Sandr
794 3949 954 4053 Georgii
982 3951 1082 4031 irent
1116 3951 1153 4030 8<
1180 3949 1385 4032 Eccleliam
1413 3948 1554 4029 intran-

205 4102 233 4148 „
259 4070 315 4131 tes
342 4073 521 4153 magnam
546 4056 774 4158 populorum
803 4056 954 4156 turbam
981 4051 1280 4146 conliderareot,
1305 4051 1442 4131 &cum
1461 4048 1555 4152 quid

207 4203 238 4249 „
259 4149 451 4252 facerent,
477 4149 543 4254 diu
568 4153 1012 4256 cammerinorum
1037 4155 1140 4255 quod
1171 4175 1304 4232 ornnes
1331 4150 1555 4248 faciebant,

207 4305 238 4350 ,2
261 4273 395 4356 curant
417 4254 685 4354 &ipllfacere
712 4259 991 4338 Verumtamen
1045 4255 1170 4336 nando
1188 4253 1294 4353 capse
1304 4255 1555 4345 accesserunt,

208 4407 236 4453 „
261 4353 366 4453 cujus
392 4353 507 4438 sanari
532 4357 686 4461 Corpus
712 4353 809 4460 illud
835 4359 923 4440 ellet
948 4281 1187 4464 meierum,
1212 4357 1250 4435 8<
1275 4355 1378 4457 quod
1398 4352 1555 4444 Prorhp·

1373 4478 1503 4552 „mar-
