3934 5342
464 386 674 489 Snncrt
706 403 943 490 Goonort
977 404 1242 499 Mororum
1404 401 1456 504 89

182 613 213 661 „
237 559 289 666 est
313 551 549 640 bominibus.
574 558 660 636 Nec
686 555 808 636 solum
833 552 968 633 vivens
995 551 1037 632 in
1062 575 1219 652 corpore
1245 546 1407 632 adiollar
1433 551 1518 651 plus

183 716 212 764 ‚,
237 685 351 760 quam
376 656 559 773 prophete
582 654 878 737 conversationis
898 654 1072 768 'humane
1101 653 1258 749 sordes,
1293 653 1331 731 dt
1352 652 1517 733 maculas

186 817 217 863 „
239 780 434 856 exorruit,
461 759 522 837 sed
547 781 611 839 eat
636 756 835 838 exorruille
857 774 972 833 ettam
982 752 1176 854 postquam
1189 752 1235 835 ad
1246 750 1394 832 celestia
1405 772 1519 833 trans·

185 916 215 963 „
238 855 636 940 latusdemonliravit.
661 865 762 938 Nam
775 854 914 958 utquia
925 854 1065 934 vixaut
1079 878 1271 954 nunquam
1283 851 1361 932 vita
1372 852 1522 938 socialia

186 1015 215 1062 „
238 959 315 1040 sine
336 958 489 1040 divetlit
510 956 921 1057 reatibusttanligitut,
945 953 1138 1036 exanimet
1148 952 1262 1034 etiam
1272 975 1376 1033 artus
1386 953 1468 1034 suos
1480 952 1523 1033 in

185 1115 214 1163 „
236 1061 325 1143 loco
349 1059 608 1144 indifferenter
632 1059 812 1140 omnibus
836 1054 1038 1138 accellrbili
1064 1055 1186 1135 teneri
1211 1052 1520 1155 nullomodopa·

184 1216 212 1263 „
238 1181 411 1242 teretur.
448 1161 554 1240 Nam
577 1184 667 1240 cum
692 1156 975 1240 evidentillimit
1009 1156 1163 1236 indubie
1198 1155 1403 1236 sandiitatis
1429 1152 1524 1234 indi·

186 1317 217 1364 „
239 1260 343 1356 ciis,
367 1262 462 1342 odor
489 1264 642 1357 bonus,
674 1260 819 1341 incolis
843 1258 921 1356 eius
942 1282 1075 1338 amore
1103 1256 1268 1337 viventis
1293 1257 1330 1336 &
1357 1254 1524 1337 maxime

185 1418 216 1465 ‚,
240 1360 320 1463 post
354 1362 505 1442 obitum
542 1362 801 1442 inflammasset
836 1362 1007 1441 membra
1043 1358 1120 1457 ejus
1155 1356 1376 1440 sanuiffima
1402 1355 1523 1437 conti·

182 1515 215 1564 „
238 1487 357 1563 guum
385 1462 514 1542 vicum
546 1461 785 1542 devotililme
820 1486 908 1542 cum
975 1459 1073 1540 mnis
1108 1457 1345 1540 &laudibus
1380 1458 1524 1537 detule-

184 1617 214 1665 ‚,
235 1583 356 1644 runt.
382 1561 489 1663 Quia
515 1587 605 1644 vero
629 1565 851 1664 plerumque
878 1489 1011 1640 sinitis
1035 1558 1190 1640 devotio
1215 1558 1386 1642 fidelium
1413 1555 1525 1637 mini·

183 1689 300 1765 ’με
325 1664 449 1765 placet
474 1687 588 1764 quam
616 1664 695 1743 vite
721 1663 889 1744 melioris
914 1661 1137 1744 immutatio
1157 1685 1235 1742 non
1256 1659 1522 1755 commendat,

183 1819 214 1866 „
233 1790 310 1846 nec
336 1763 388 1844 eli
412 1763 655 1864 acceptabilis
680 1762 892 1846 reverentia
918 1762 1135 1857 bonitatis,
1160 1785 1280 1862 quea
1308 1753 1418 1840 bonis
1444 1783 1523 1839 mo·

186 1921 218 1965 „
236 1866 341 1946 tibus
367 1865 558 1948 enerviter
584 1885 715 1962 vacat,
742 1863 1019 1960 landiissimus,
1045 1886 1087 1942 ut
1114 1863 1279 1942 diximus
1298 1861 1421 1959 ,.vir,
1446 1886 1524 1961 quo

186 2022 213 2065 „
231 1966 390 2048 occulto
416 1966 579 2046 nescitur
606 1966 775 2066 juditio,
811 1966 867 2044 lui
892 1963 1061 2065 corporis
1087 1964 1340 2044 mutationem
1377 1987 1454 2041 non
1481 1960 1524 2039 li·

84 2063 92 2086 '
185 2121 213 2166 „
239 2070 372 2147 benter
399 2066 521 2162 tulit,
547 2088 659 2168 atque
686 2067 752 2147 srbi
779 2066 1000 2166 displicuille
1027 2065 1223 2143 evidenter
1249 2062 1424 2178 aperuit.
1453 2062 1523 2140 Per
1642 2081 1647 2092 ·

185 2219 214 2266 „
237 2168 286 2250 ali
316 2188 382 2248 uot
405 2168 511 2250 enim
539 2194 658 2249 annos
686 2170 747 2247 vel
774 2167 961 2259 fitcitate,
990 2168 1052 2245 vel
1075 2187 1152 2244 tem
1203 2164 1356 2243 statibus
1378 2160 1523 2264 negarit

184 2321 211 2367 ‚,
235 2267 295 2348 fru
335 2267 417 2348 ibus
451 2290 550 2348 terte
588 2271 834 2349 venementer
871 2268 996 2352 incole
1018 2264 1123 2365 same
1165 2285 1231 2344 unt
1257 2262 1420 2359 afflicti,
1456 2262 1520 2340 do-

183 2423 213 2467 „
240 2395 309 2448 nec
336 2370 382 2449 ad
408 2370 536 2449 locum
573 2370 753 2452 diledium
788 2370 961 2450 membra
999 2367 1214 2462 referrent,
1249 2391 1322 2466 que
1360 2366 1523 2445 tulerant

181 2523 212 2568 „
238 2466 361 2550 sande
386 2469 644 2572 intelligentes
670 2472 726 2551 ibi
752 2470 920 2552 sandium
947 2469 1055 2547 suum
1085 2468 1184 2554 velle
1205 2465 1358 2552 recondi
1380 2461 1526 2552 landis·

184 2622 213 2667 „
239 2568 374 2648 fimum
400 2593 535 2669 corpus
561 2572 628 2650 ubi
655 2597 733 2651 non
759 2576 827 2672 (ut
853 2568 1042 2666 diximus)
1070 2565 1326 2648 indifferenter
1352 2591 1522 2647 commu·

180 2723 210 2769 ‚,
236 2668 317 2764 nis,
343 2669 403 2747 sed
430 2671 538 2750 caula
565 2670 679 2752 solius
700 2670 895 2772 religionis
906 2670 994 2750 essct
1005 2668 1175 2750 fidelium
1187 2666 1420 2769 temporibus
1446 2690 1522 2747 cet·

183 2823 213 2869 „
236 2768 284 2847 tit
309 2769 488 2883 accessus.
518 2771 667 2856 Taliter
692 2768 1524 2873 expolituspreeiolrcotpotisthesaurusplus

184 2923 213 2970 „
238 2868 401 2983 proluit,
425 2869 888 2968 &incolisveoientibus,
915 2896 958 2952 ac
971 2871 1217 2949 redeuntibus
1227 2893 1291 2970 per
1309 2894 1424 2949 annos
1446 2867 1524 2983 sere
1600 2957 1603 2966 ,

186 3023 213 3068 ,,
238 2970 531 3072 quadringentos
541 2969 615 3054 fuit
626 2972 795 3054 tutiffimi
807 2969 1260 3073 patrociniisufftagium,
1286 2969 1345 3049 sed
1373 2969 1526 3050 cumdi-

182 3123 216 3168 „
236 3072 395 3169 spoocns
420 3071 551 3151 omnia
578 3076 763 3171 occulte,
798 3074 835 3153 8<
861 3072 950 3171 juste
976 3072 1221 3174 omnipotens
1248 3072 1354 3154 Deus
1379 3071 1445 3150 diu
1472 3093 1526 3150 re·

182 3223 213 3278 ‚2
235 3190 405 3286 motam,
430 3171 467 3249 8<
492 3174 545 3251 ob
571 3173 645 3254 hoc
670 3175 766 3256 lotte
793 3174 921 3255 minus
948 3173 1068 3254 stultis
1094 3173 1307 3254 carnalibus
1328 3171 1525 3257 caramdc·

183 3326 211 3369 „
235 3273 450 3387 votrottbus
476 3273 593 3355 vellet
620 3278 814 3375 prodere,
847 3275 1041 3375 &largiti
1078 3271 1319 3374 margaritam
1355 3267 1524 3371 contigit

181 3425 210 3470 „
233 3396 282 3453 ex
310 3373 535 3473 negociandi
560 3378 833 3458 consuetudine
858 3374 1070 3464 aVenetia
1097 3376 1226 3453 navim
1253 3371 1355 3452 exire
1378 3427 1391 3468 ,
1415 3372 1452 3450 dr
1478 3370 1527 3486 ad
1562 3383 1567 3391 '

182 3526 211 3569 „
234 3473 382 3553 easdem
409 3496 531 3574 partes
557 3478 719 3558 venire.
756 3481 901 3558 Omnes
928 3476 1032 3558 enim
1070 3476 1141 3555 hec
1178 3497 1305 3556 amore
1339 3473 1528 3553 libertatis

181 3626 210 3672 „
235 3574 386 3675 paludes
411 3575 622 3660 maritimas
647 3579 871 3677 inhabitat,
905 3578 943 3659 dc
968 3603 1065 3680 pene
1091 3573 1245 3658 solacii
1279 3574 1322 3655 in
1347 3574 1527 3671 mundo,

277 3681 386 3754 Toni.
412 3681 511 3756 VIII.
1015 3678 1065 3757 M
1364 3700 1477 3778 arque

174 3847 185 3858 ’
258 3877 329 3938 nuo
349 3859 505 3957 impediri,
526 3881 574 3943 rea
593 3881 632 3945 m
650 3881 727 3944 aren
748 3851 777 3943 ν’.
797 3881 924 3964 arnum
944 3881 1072 3971 penne,
1093 3880 1203 3971 ‘omero
1221 3865 1338 3952 lurum
1357 3875 1452 3966 unat
1473 3892 1522 3950 pe·

258 3955 455 4091 :arturi
473 3966 752 4095 rrmurrrr
766 3949 1415 4096 arramultimorum.
1430 3969 1523 4086 rx:

194 4081 204 4100 ⁹
258 4103 561 4196 Catal.4cap.1xxvr.
583 4109 720 4171 molanus
741 4079 987 4173 in’nddirionibut
1007 4108 1042 4168 ad
1059 4105 1358 4197 Martyrol.Usuardi,
1379 4100 1524 4193 Eulimna,

256 4185 429 4257 Ferrarius,
450 4186 477 4244 ἃ
497 4186 549 4246 alii
568 4207 579 4255 3
604 4186 752 4247 Galeliotte
773 4191 893 4246 veroin
915 4185 1074 4258 Martyrol.
1094 4184 1170 4241 diem
1195 4202 1239 4240 rt.
1264 4180 1442 4254 septembrii
1464 4198 1523 4237 noo

259 4258 375 4332 obluat,
392 4259 441 4320 led
461 4260 664 4322 triduariooie
682 4265 825 4324 memoria
845 4262 1044 4322 consecratam
1065 4258 1148 4319 soille
1168 4254 1272 4318 affert.
1292 4255 1524 4318 mesmns·

180 4381 182 4390 .
260 4332 330 4468 ἐκ
342 4336 504 4486 §dcosmae
522 4339 655 4404 Eremitae
674 4338 712 4403 (ff
732 4338 897 4416 Consefforis
920 4381 930 4414 ,
951 4335 1036 4415 cujus
1054 4351 1150 4414 corpus
1169 4335 1259 4396 Creta
1268 4331 1377 4412 Insula
1396 4351 1426 4391 eo
1444 4328 1524 4390 dela·
