3934 5342
995 2025 3326 2436 'xmonocmo-

829 2480 987 2618 B.
1123 2482 1341 2618 M.
1478 2485 1656 2621 v.
1821 2478 2133 2638 DE
2285 2482 3512 2694 ΜΕΤΑ-ΤΕ.

1228 2750 1308 2828 Τ
1341 2745 1819 2849 'deplorabile
1891 2749 2397 2831 infortunium
2451 2768 2915 2833 averteretur
2954 2805 2982 2848 ‚
3051 2774 3205 2851 quo
3272 2746 3515 2825 infan-

1275 2870 1436 2947 tes,
1487 2850 1612 2929 vel
1664 2848 1968 2930 furtivis
2019 2851 2405 2934 amoribus
2432 2852 2779 2968 concepti
2815 2878 2873 2953 ‘a
2924 2850 3231 2930 suismet
3255 2846 3513 2964 matri:

955 2964 964 2970 ‘
1275 2952 1414 3030 bus
1485 2949 1991 3051 ignominiam
2065 2953 2342 3034 scelere
2414 2956 2846 3055 tegentibus
2916 2950 3201 3055 duplici
3277 2969 3511 3028 morti

1271 3052 1545 3131 anima:
1596 3051 1930 3149 scilicet,
1981 3054 2056 3132 8<
2107 3054 2440 3155 corporis
2493 3053 2976 3135 tradebantur
3014 3107 3044 3151 ‚
3096 3051 3222 3133 vel
3275 3075 3318 3127 a
3369 3050 3509 3126 mi-

1272 3152 1449 3233 seris
1469 3152 1750 3235 Scottis
1799 3153 2005 3254 editi
2040 3154 2223 3257 saepe
2275 3155 2535 3257 saepius
2586 3152 2843 3257 inopia
2887 3154 3240 3234 suadente
3263 3150 3511 3253 palam

829 3247 1144 3351 expofiti
1193 3252 1791 3360 abjiciebantur,
1845 3252 2278 3337 institutum
2335 3257 2479 3333 fuit
2519 3254 3097 3337 celeberrimum
3156 3249 3512 3346 Pietati8‚

827 3372 915 3431 ut
968 3374 1241 3467 yocant
1293 3354 1926 3453 Xenodochium,
1978 3357 2182 3457 quud
2234 3357 2567 3461 expansis
2619 3355 3009 3438 charitatis
3058 3351 3510 3436 Christianae

823 3454 1032 3532 ulnis
1071 3509 1099 3550 ‚
1149 3481 1308 3535 non
1361 3482 1490 3556 eos
1537 3457 1784 3538 solum
1837 3457 2174 3538 Infantes
2234 3461 2499 3561 recipit
2543 3517 2571 3553 2
2623 3461 2695 3537 δε
2748 3458 2887 3538 alit
2926 3512 2955 3555 ,
3020 3474 3230 3558 quos·
3263 3455 3507 3532 Vene-

827 3552 999 3649 tiae,
1049 3554 1174 3635 sed
1223 3558 1299 3637 δε
1352 3557 1526 3638 illos
1574 3584 1764 3661 quos
1814 3560 2142 3639 finitima
2198 3561 2371 3639 luca
2427 3561 2901 3661 suppeditant
2944 3584 2983 3653 3,
3045 3556 3307 3637 nobile
3360 3552 3511 3634 uti·

825 3678 1022 3754 que,
1071 3656 1316 3759 &prae
1365 3660 1636 3741 ceteris
1688 3658 1974 3761 insigne
2006 3661 2479 3741 Venetorum
2531 3659 2831 3761 pietatis
2871 3677 3506 3739 monumentum.

926 3758 1166 3838 Tanti
1213 3760 1462 3862 operis
1509 3762 1790 3842 author
1838 3761 2171 3859 exstitit,
2230 3785 2315 3841 ut
2367 3761 2695 3861 superius
2748 3762 2842 3839 ad
2895 3759 3088 3840 Divi
3128 3755 3503 3839 Francisci

817 3857 1230 3939 Ecclesiam
1304 3861 1591 3944 dicium
1643 3863 1749 3943 est
1788 3918 1817 3961 ‚
1891 3863 2157 3943 Petrus
2208 3889 2252 3941 e
2306 3863 2656 3943 Fratrum
2731 3862 3137 3962 Minorutn
3213 3857 3504 3939 familia

815 3958 937 4039 vir
987 3960 1619 4064 religiofiffimuS‚
1668 3963 1803 4067 qui
1857 3962 2167 4062 Afinio,
2217 3968 2429 4063 cujus
2481 3985 2638 4044 erat
2690 3962 3085 4064 indigena,
3136 3962 3505 4076 quum-se

816 4061 1177 4143 Venetias
1229 4067 1706 4164 contulisset,
1756 4086 1991 4167 atque
2044 4065 2172 4145 hic
2224 4064 2635 4165 apostolico
2684 4066 2857 4145 zelo
2897 4121 2924 4163 ‚
2995 4089 3138 4144 nec
3189 4062 3337 4142 fine
3388 4085 3503 4137 m-

821 4165 1169 4244 eredibili
1241 4168 1669 4247 animarum
1741 4166 1990 4245 fruau
2043 4168 2365 4245 verbum
2424 4167 2575 4248 Dei
2649 4165 3156 4246 diss'eminaret
3193 4217 3221 4260 ‚
3293 4184 3498 4239 anno

819 4262 1203 4347 Mcccxr..
1276 4268 1590 4349 excitari
1662 4270 1736 4347 se
1790 4265 2091 4345 Divino
2147 4266 2491 4346 Numine
2565 4266 2783 4347 senfit
2857 4269 2948 4346 ad
3021 4261 3499 4366 colligendos

809 4363 1232 4450 infantulos
1272 4424 1301 4471 ,
1370 4368 1626 4473 paffirn
1679 4368 1764 4451 in
1813 4368 2172 4468 compitis
2225 4368 2523 4454 viarum
2576 4368 2945 4470 expositos
2984 4422 3006 4449 .
3078 4370 3174 4449 In
3226 4391 3321 4448 eo
3374 4363 3505 4445 ita-

3252 4490 3400 4569 que
