3934 5342
479 312 1258 441 summouentem
1390 378 1468 459 291

172 508 408 614 incipiebat
434 506 572 589 elevati
600 531 665 609 per
690 505 970 607 longitudinem
1000 504 1166 605 passuum
1195 526 1281 582 xxx.
1308 502 1345 584 br
1372 504 1539 612 latitudi-

202 612 434 711 nempaslus
460 631 546 686 xxv.
574 611 633 687 Fr.
660 607 865 688 Laurentio
891 603 1054 708 pradisii
1082 604 1540 706 hospitalisRcbiori'con·

202 711 305 790 cellit
330 712 391 789 die
419 709 817 789 x11.0liobrisanno
845 709 1054 791 Mccsxrv.
1089 729 1133 784 ea
1168 707 1288 783 solum
1316 707 1540 791 conditione

200 810 386 910 apposita,
413 832 453 889 ut
480 811 555 912 ipse
568 809 813 903 Laurentius,
838 809 990 910 eiusque
1017 807 1234 889 successores
1261 831 1378 885 unam
1400 808 1539 889 libram

200 911 276 992 olei
303 938 372 1010 pro
397 914 509 991 censu
536 912 575 989 in
601 910 692 990 sesto
716 910 822 990 beati
849 909 1010 1009 Georgii
1045 906 1240 991 annuatim
1269 906 1414 1018 solvere
1440 930 1542 987 tene·

199 1034 354 1109 rentur,
380 1035 491 1112 atque
511 1034 578 1110 pro
604 1008 788 1091 communi
813 1005 976 1091 utilitate
1003 1007 1089 1091 inde
1113 1008 1381 1107 transeunrrum
1408 1032 1472 1108 per
1485 1033 1542 1108 pa·
1614 1034 1616 1041 ’

200 1113 330 1191 ludem
358 1115 521 1194 construi
549 1114 700 1193 deberet
739 1115 845 1192 locus
870 1114 884 1208 (
907 1112 1065 1191 Venetis
1087 1108 1280 1206 Cauana)
1308 1107 1542 1209 excipiendis

102 1236 108 1243 ’
200 1213 344 1292 ratibus
370 1236 603 1314 opportunus
629 1214 733 1315 (sl).
762 1216 926 1312 Accepta
953 1213 1030 1293 loci
1056 1210 1289 1291 concessione
1315 1210 1542 1291 Laurentius

201 1312 323 1392 statim
351 1318 480 1393 eadem
515 1313 575 1395 die
603 1314 762 1394 solemni
790 1313 1062 1414 promisstone,
1099 1314 1213 1412 (quae
1240 1313 1281 1388 in
1308 1312 1541 1390 documento

198 1412 343 1512 fignato
368 1421 404 1494 A
433 1414 556 1515 primo
583 1418 617 1493 S.
640 1415 794 1516 Georgii
810 1416 970 1511 Maioris
997 1415 1135 1493 inserta
1164 1410 1319 1514 visrtur)
1346 1412 1383 1490 se
1408 1413 1541 1490 omnia

198 1513 433 1592 servaturum
458 1515 539 1594 sore
566 1514 758 1618 promisit,
783 1542 864 1615 quar
879 1516 1174 1596 Mareusllbbas
1194 1513 1232 1591 in
1261 1513 1396 1592 debitae
1423 1513 1541 1610 subje·
1633 1543 1638 1561 ·

198 1611 336 1694 bilonis
360 1616 530 1695 officium
559 1619 734 1695 mandate
762 1618 953 1697 voluerat.
980 1616 1087 1731 Quid
1114 1613 1200 1693 inde
1227 1613 1268 1692 in
1295 1638 1341 1692 eo
1361 1614 1447 1693 loco
1458 1639 1541 1714 ege·

198 1713 274 1809 rit,
301 1717 631 1797 autadificauerit
659 1717 909 1812 Laurentius,
936 1720 1032 1816 (cur
1057 1717 1170 1816 paulo
1192 1715 1293 1817 poll,
1320 1738 1361 1793 ut
1384 1737 1473 1803 mox
1487 1714 1541 1793 di·

197 1839 349 1911 cemus,
376 1818 529 1896 alterius
555 1817 772 1897 instituendi
786 1818 992 1917 Hospitalis
1018 1819 1085 1896 sub
1112 1816 1188 1916 pari
1218 1817 1368 1895 Domus
1381 1816 1454 1895 Dei
1479 1842 1541 1895 no

196 1917 473 2013 menolatum,
499 1945 587 1997 cura
616 1919 749 1998 tradita
776 1920 846 1996 suit
873 1919 886 2014 )
913 1920 1191 2020 incompertum
1215 1944 1229 2011 3
1253 1917 1290 1995 id
1319 1936 1467 1995 tantum
1494 1938 1542 1995 ex

195 2013 363 2116 superius
389 2021 587 2105 enuntiato
614 2021 649 2098 S.
676 2020 831 2119 Georgii
860 2022 1092 2099 documento
1119 2039 1250 2097 notato
1277 2017 1459 2096 litterali
1483 2018 1540 2095 in-

75 2124 81 2139 “
196 2116 383 2213 notescit,
408 2146 509 2197 anno
541 2128 643 2198 1282.
671 2121 732 2199 die
761 2148 819 2200 22.
846 2120 1223 2220 JanuariiJacobutn
1254 2118 1421 2197 Priorem
1450 2118 1539 2196 Mo

182 2217 342 2295 -nalierii
369 2221 404 2298 S.
418 2221 577 2321 Georgii·
602 2221 831 2301 interdixisse
846 2223 1004 2299 Andreae
1031 2222 1208 2314 cuidam,
1233 2244 1282 2296 rte
1310 2240 1447 2298 terram
1475 2242 1536 2320 pa·

191 2314 293 2428 ludis
320 2318 498 2414 soderet,
526 2344 622 2400 neve
649 2321 804 2400 aedificia
831 2321 1062 2401 construeret
1089 2315 1225 2399 insero
1246 2346 1425 2414 cavana,
1451 2345 1534 2420 quae

153 2462 157 2473 ·
192 2417 623 2511 drcebaturDomusDer'
635 2449 656 2522 ,·
683 2424 789 2523 locus
814 2423 917 2500 enirn
946 2423 1011 2500 ille
1038 2419 1537 2523 plenojureadDiviGeor·

193 2516 247 2615 gii
276 2520 550 2601 Monaslerium
578 2547 626 2602 ex
653 2524 804 2625 publica
830 2524 1063 2604 concessione
1091 2523 1325 2621 pertinebat.

221 2618 348 2730 ⁸Cum
380 2648 469 2700 vero
495 2626 541 2701 ad
568 2649 629 2706 eas
656 2626 809 2724 paludes
834 2646 1014 2723 tanquam
1043 2621 1300 2701 adHeremum
1326 2622 1435 2701 causa
1461 2644 1537 2721 poe·

191 2722 363 2798 nitentia
382 2720 567 2820 faciende
594 2727 630 2803 se
657 2727 845 2825 recepisset
872 2725 1025 2825 quidam
1053 2719 1535 2803 EremitaCarnaldulensrs

191 2820 377 2900 Gerardus
402 2824 581 2920 nomine,
608 2825 737 2925 ibique
765 2826 1040 2907 Monallerium
1076 2825 1143 2903 sthi
1159 2822 1391 2903 ,construere
1418 2823 1536 2922 dispo

188 2919 334 3016 suisset,
359 2923 510 3004 coaetus
537 2924 632 3020 suit,
658 2926 1105 3027 exAbbatis&Capituli
1133 2925 1308 3020 decreto,
1333 2951 1354 3003 e
1376 2927 1539 3003 lucore·

188 3022 346 3116 cedere,
370 3047 419 3100 ne
444 3049 576 3103 contra
603 3028 725 3123 ipsum
752 3049 931 3125 tanquam
966 3050 1093 3104 contra
1118 3024 1325 3103 violentum
1351 3045 1536 3121 occuparo-

187 3144 266 3196 rem
291 3145 485 3222 ageretur.
516 3127 740 3204 Mandatum
769 3126 889 3227 ipsum
917 3128 1089 3206 dedimus
1116 3129 1252 3225 Operis
1278 3127 1389 3226 hujus
1416 3126 1532 3203 Torn.

194 3247 224 3296 1.
247 3247 329 3321 pag
352 3233 435 3319 287.
463 3226 529 3303 ubi
556 3227 592 3305 ἃ
619 3252 745 3321 error,
771 3226 812 3305 in
838 3254 915 3328 quo
942 3230 1094 3307 incaute
1121 3225 1209 3327 lapsr
1233 3227 1393 3320 sumus,
1418 3225 1532 3304 corri-

188 3325 331 3417 gendus
358 3325 433 3423 eli,
460 3326 668 3405 nonenim
696 3355 742 3407 eo
770 3328 810 3405 in
831 3331 942 3424 loco,
968 3330 1035 3407 ubi
1064 3328 1290 3407 hodiernum
1318 3329 1370 3406 eli
1381 3326 1533 3405 Camal-

187 3424 397 3505 dulensium
435 3426 722 3506 Mouaclrorum
750 3430 1012 3524 Coenobium,
1037 3431 1225 3511 Gerardus
1251 3427 1318 3507 fibi
1345 3430 1528 3506 Etemum

186 3520 346 3605 statuere
372 3529 582 3627 cogitavit,
609 3531 668 3607 sed
697 3532 736 3607 in
764 3530 810 3608 iis
837 3531 1061 3632 paludibus,
1086 3555 1169 3631 quae
1195 3528 1293 3606 inser
1316 3523 1531 3607 Canaseor-

179 3623 371 3722 pbanum,
396 3627 445 3707 (Τ
470 3627 609 3707 diuum
625 3628 885 3731 Monasterr'rrm
896 3640 932 3708 S.
944 3628 1091 3728 Georgii
1110 3632 1395 3733 prominebant,
1422 3630 1533 3715 Bien-

183 3725 250 3802 nio
276 3731 565 3840 abexpulsrone
592 3732 749 3812 Gerardi
776 3733 925 3834 elapso,
952 3758 1000 3811 ne
1027 3731 1357 3832 juraulonauerii
1387 3730 1531 3809 violen·
1606 3810 1609 3815 ,

185 3850 229 3903 to
255 3826 414 3924 alieuius
442 3833 611 3911 hominis
637 3835 727 3911 ausu
755 3837 1026 3927 turbarentur,
1050 3835 1131 3931 lege
1158 3831 1334 3930 Judicum
1357 3832 1531 3909 Publico-

181 3952 268 4005 rum
295 3952 454 4008 cautum
477 3935 528 4011 eli
555 3938 654 4010 anno
684 3935 866 4012 Mccxrc.
893 3960 941 4012 ne
967 3934 1051 4033 quis
1079 3933 1119 4011 in
1146 3931 1272 4031 aquis,
1300 3933 1362 4010 seu
1389 3930 1532 4030 paludi·

185 4032 255 4108 bus
282 4029 465 4128 pradisiis
489 4035 537 4111 ad
561 4034 798 4113 Coenobiurn
820 4034 914 4114 Divi
927 4034 1086 4133 Georgii
1113 4031 1363 4130 spesiantibus
1389 4030 1531 4131 pisces,

90 4182 107 4215 χ
185 4152 250 4207 aur
278 4157 365 4210 aves
392 4148 541 4233 captare
577 4137 850 4233 presumeret,
886 4136 1047 4214 &lunc
1072 4133 1250 4234 Judicum
1289 4135 1450 4233 legem,
1484 4154 1528 4209 ut

186 4231 364 4311 omnibus
390 4234 667 4333 innotesceret,
695 4237 951 4348 promulgavit
979 4237 1112 4315 eodem
1141 4259 1241 4311 anno
1267 4234 1420 4313 diexur.
1449 4233 1531 4311 No·

186 4333 355 4414 vembris
382 4334 552 4418 Marinus
587 4348 816 4427 Precacrnns
841 4341 967 4421 Praco
987 4393 1000 4435 ,
1019 4336 1075 4518 (ξι
1104 4334 1366 4417 Ministerialis
1397 4332 1530 4510 Cpurlae

1046 4464 1090 4525 .0
1144 4464 1164 4514 2
1450 4458 1483 4510 a·
