3934 5342
401 376 579 471 '340
707 312 1451 429 ¹DieMoitusrniiio

424 524 510 581 rom
540 494 760 579 Patriarchae
787 494 1002 590 mandavit,
1031 515 1073 573 ut
1100 493 1216 596 ipsam
1235 495 1384 598 justitia
1409 491 1598 576 mediante
1623 498 1767 580 decideu

423 623 507 697 ret,
532 622 620 679 cuni
648 621 740 677 vero
765 596 968 696 prudenter
992 596 1128 674 deinde
1153 596 1492 695 animadvertisset,
1518 600 1619 698 quod
1647 600 1686 677 in
1712 603 1764 681 ci·

423 704 567 794 vitate,
593 717 744 799 propter
757 693 1010 796 frequentiam
1023 691 1300 797 populi,(5srtli
1312 695 1517 799 augustias,
1534 699 1767 779 Monaireria

424 799 580 881 modico
606 798 725 898 spatio
751 795 922 877 distantia
948 797 1166 893 consistere,
1193 799 1455 894 uecelseesset,
1479 798 1624 876 idcirco
1648 825 1761 901 oppo

421 899 492 980 sita
518 899 717 1002 privilegia
742 899 865 978 eidem
878 897 1125 994 Parriarchae‚
1153 923 1219 998 pro
1244 898 1363 978 animi
1391 899 1446 977 sui
1473 897 1631 977 arbitrio
1653 899 1766 979 inter·

422 1002 605 1101 pretanda
631 998 820 1116 reliquit,
855 1018 898 1077 ut
924 994 1081 1114 discussis
1105 993 1320 1095 Civitatis,
1357 991 1496 1077 ueloci
1520 992 1763 1097 qualitatibus

419 1101 531 1202 super
557 1098 604 1180 iis
631 1099 864 1201 privilegiis,
888 1099 991 1197 quod
1016 1101 1083 1177 libi
1110 1099 1294 1199 agendum
1323 1120 1500 1200 putaret,
1524 1100 1635 1199 plena
1660 1100 1697 1178 8(
1723 1100 1767 1177 li·

289 1260 293 1267 .
423 1202 513 1280 bera
539 1199 716 1282 facultate
743 1202 986 1279 decerneret.
1013 1199 1246 1300 Apostolicas
1273 1197 1330 1278 Pii
1358 1200 1503 1280 litteras
1531 1199 1678 1278 Tibure
1704 1196 1770 1277 da·'

422 1321 480 1381 ras
505 1300 568 1381 die
593 1322 734 1380 xxviii.
760 1298 853 1399 Julii
879 1325 978 1377 aritio
1005 1298 1238 1377 Mcccctxi.
1265 1324 1377 1400 opere
1403 1300 1611 1398 complevit
1637 1325 1685 1377 eo
1711 1300 1765 1399 ip·

359 1450 373 1471 -.
422 1400 465 1482 so
490 1426 591 1481 anno
616 1402 677 1481 die
704 1422 783 1479 xui.
809 1399 1040 1498 Septembris
1066 1399 1167 1496 (Β)
1203 1402 1373 1480 Andreas
1408 1400 1655 1493 patriarcha,
1693 1401 1767 1477 lata

421 1501 609 1581 sententia
635 1500 817 1581 definieris
842 1500 984 1581 didoni
1012 1499 1167 1580 Ordinis
1194 1500 1444 1581 Dominicani
1481 1499 1767 1601 privilegium,

420 1598 466 1678 in
490 1626 567 1701 quo
592 1601 894 1697 continebatur,
919 1597 1015 1710 quod
1033 1593 1177 1678 nullum
1201 1599 1462 1703 Monasterium
1485 1596 1631 1678 Ordinis
1660 1609 1787 1676 Men-f

420 1695 630 1810 dicentium
649 1699 756 1801 poffit
780 1703 959 1803 construi,
984 1697 1053 1799 nist
1078 1696 1187 1802 distet
1208 1730 1232 1777 u
1255 1700 1485 1804 Mouasteriir
1509 1698 1656 1777 Ordinis
1673 1711 1766 1777 Pre-

421 1798 626 1881 drcutorum
644 1823 713 1899 per
737 1827 876 1880 caunas
901 1822 1116 1897 trecentas,
1152 1801 1368 1883 nullatenus
1394 1801 1571 1897 obstare,
1596 1826 1674 1901 quo
1699 1800 1767 1877 mi·

420 1925 492 1980 ruis
520 1900 794 1982 Monallerium
820 1903 858 1982 S.
885 1901 1020 1980 Mariae
1046 1903 1290 1981 Annuntiata
1317 1927 1363 1982 eo
1390 1900 1430 1981 in
1458 1904 1586 1998 loco,
1621 1900 1765 2000 inquo

419 1999 621 2082 fundatum
648 2002 794 2099 fuerat,
821 2002 995 2083 absoluto
1018 2028 1132 2103 opere
1155 2001 1413 2101 perficeretur.
1441 2001 1693 2080 patriarchale
1715 1997 1765 2095 ju

417 2099 564 2180 dicium
588 2127 718 2182 amaro
743 2102 873 2183 animo
896 2125 1126 2201 exceperunt
1153 2101 1465 2182 Sandirnoniales
1487 2101 1671 2203 Corporis
1684 2100 1766 2178 Do·

419 2199 557 2296 ruini,
591 2227 754 2303 euinque
780 2203 826 2282 ad
851 2204 916 2282 sua
941 2205 1071 2285 asserta
1107 2205 1186 2302 jora
1222 2205 1479 2304 promovenda
1514 2203 1637 2283 acrius
1664 2203 1763 2300 apud

418 2300 649 2383 Pontificem
673 2301 836 2383 inlillere
863 2307 1176 2403 perseverarent,
1202 2306 1361 2389 Senatus
1388 2305 1592 2399 Venetus,
1617 2301 1683 2380 cui
1708 2300 1764 2378 ni-

417 2401 520 2481 nii-us
547 2403 610 2483 liic
630 2403 755 2484 servor
780 2404 1044 2504 displicuerat,
1071 2406 1237 2487 Nicolao
1247 2404 1462 2485 Secundino
1484 2402 1766 2504 ipsiusSeuatus

415 2526 440 2576 a
466 2501 637 2600 secretis,
662 2525 754 2584 tunc
780 2505 962 2606 temporis
987 2506 1084 2607 apud
1112 2504 1366 2604 Apostolicam
1394 2506 1531 2584 Sedent
1556 2528 1616 2585 res
1640 2503 1764 2579 Vene-

415 2622 545 2715 torum
572 2604 726 2706 agenti,
751 2603 849 2685 daris
874 2606 935 2685 die
963 2629 1051 2683 xxv.
1077 2605 1180 2705 Junii
1207 2631 1308 2685 anno
1337 2606 1570 2689 niceecrnr.
1598 2600 1764 2703 publicis

415 2700 584 2815 litteris,
606 2704 818 2802 commisit,
844 2728 886 2785 ut
900 2707 1127 2787 Pontificem
1154 2709 1199 2785 ad
1213 2732 1355 2806 aquam
1370 2706 1592 2786 Patriarcha
1619 2706 1764 2782 senten-

413 2820 510 2915 tiani
535 2804 834 2887 confirmandam
869 2807 1070 2887 adduceret
1096 2807 1219 2904 (C).
1254 2810 1362 2885 Noni
1393 2805 1647 2886 Patriarchale
1669 2803 1763 2903 judi·
1821 2887 1831 2897 ,

413 2926 520 2981 cium
548 2903 636 2987 Pius
660 2904 749 2986 dato
785 2905 998 3006 diplomate
1028 2907 1326 3007 approbaverit,
1363 2906 1644 3009 incompertum
1670 2903 1766 3019 est,

411 3000 492 3081 hoc
519 3027 638 3082 unuin
668 3028 735 3104 pro
761 3028 868 3086 cetto
894 3005 1037 3088 constat
1074 3028 1199 3106 coepta
1227 3007 1453 3088 Monasserii
1481 3006 1641 3088 edificia
1664 3025 1760 3106 opti·

414 3124 478 3180 me
506 3103 734 3203 processisse,
758 3107 807 3185 ad
831 3132 996 3208 quorum
1024 3107 1291 3207 perfectionem
1320 3109 1618 3209 promovendam
1644 3104 1760 3185 eccle·

410 3197 554 3320 ssastica
581 3205 915 3306 Indulgentiarunr
949 3233 1109 3288 munera
1146 3208 1222 3310 ipse
1251 3208 1339 3288 Pius
1368 3207 1543 3290 Pontifex
1580 3206 1765 3308 elargitus

411 3300 465 3379 est
494 3303 559 3418 die
583 3330 619 3382 v.
644 3306 737 3404 lolii
763 3333 866 3390 anuo
893 3310 1148 3389 Meccciiiiii.
1175 3309 1190 3407 s
1201 3307 1298 3405 D).
1334 3309 1503 3390 Ecclesia
1530 3329 1660 3388 raineri
1685 3309 1762 3384 Art·

411 3423 599 3516 nuntiata
625 3406 832 3506 Virginis,
868 3435 937 3511 pro
963 3409 1070 3508 cujus
1097 3409 1291 3490 erestione
1313 3410 1412 3509 apud
1439 3409 1666 3490 Pontificem
1694 3405 1766 3485 ser-

411 3502 506 3581 vide
527 3526 682 3682 «ἕως
709 3509 1060 3606 Sandirnonieles,
1095 3537 1173 3590 nou
1198 3511 1293 3590 adeo
1319 3509 1424 3590 felici
1448 3535 1561 3610 opere
1631 3508 1764 3588 ocede·

411 3603 547 3699 bat,a
597 3604 709 3705 ipsius
734 3611 838 3690 enirn
866 3614 1037 3712 siutipuis
1064 3633 1224 3710 erogatae
1253 3611 1401 3711 piorum
1429 3613 1577 3691 eleetno
1607 3607 1761 3689 utemi-

407 3726 524 3783 nores
540 3705 621 3821 ‚esse
644 3707 929 3807 noscebantur,
951 3734 1180 3812 quapropter
1207 3712 1407 3811 Maphaeus
1434 3713 1600 3791 (retardo
1638 3709 1765 3821 supra·

405 3800 552 3884 laudati
577 3805 759 3921 ‘Andren
777 3811 817 3890 in
847 3814 998 3892 Veneto
1025 3811 1289 3892 Patriateharu
1327 3812 1508 3895 successor
1543 3807 1770 3893 Praedrcuto·

405 3927 463 4016 rer
484 3930 648 3984 nmmum
670 3906 877 4006 ordinum,
899 3913 985 3993 data
1010 3912 1070 3992 eis
1093 3913 1156 3993 die
1169 3934 1249 3990 rivi.
1264 3913 1372 3992 Febr.
1384 3938 1488 3993 anno
1499 3912 1765 3995 Mccccuiiuii.

401 4002 559 4100 epistola
585 4006 744 4105 oravit,
781 4035 823 4092 ut
849 4007 1050 4115 Ecclefiam
1086 4010 1160 4092 loci
1192 4011 1439 4099 Annuuriute
1476 4016 1653 4095 nonduin
1688 4011 1763 4093 ele·

400 4124 533 4218 vatam
559 4109 708 4207 populo·
737 4115 1084 4209 commendarent,
1121 4113 1199 4214 ipse
1239 4113 1347 4193 enim
1363 4164 1366 4179 ·
1385 4114 1552 4195 omuibus
1580 4110 1765 4212 praeside

393 4196 549 4323 susurre
576 4233 707 4321 munus
733 4212 930 4311 adjutrices
948 4212 1223 4312 porrigentibus
1239 4239 1301 4294 xi..
1317 4216 1649 4317 indulgentiarum
1661 4215 1770 4310 dies,

396 4306 693 4393 misericorditer
718 4310 761 4395 in
790 4314 968 4401 Domino
990 4316 1195 4407 relaxabat
1227 4314 1342 4416 (El,
1370 4323 1451 4401 Nec
1479 4340 1607 4403 tamen
1634 4340 1768 4433 quom·

1659 4436 1722 4496 llis
