3934 5342
233 2153 243 2160 ’
316 2235 321 2250 ἱ
447 2189 476 2236 „
502 2141 694 2223 mercandi
721 2141 913 2224 necellitas
939 2144 1144 2225 adduxisset
1149 2141 1529 2241 pignorasanelornm
1558 2143 1709 2323 premio,
1735 2166 1792 2257 fa·

504 401 563 478 90
773 372 870 455 Du
932 370 1504 472 Mounaranro'

442 567 472 626 -„
524 549 570 607 tte
597 527 659 614 sne
685 518 897 602 nobilitatis
923 520 1078 625 antique
1102 547 1262 620 morea,
1298 549 1414 628 usque
1439 526 1490 606 ati
1514 517 1585 607 bec
1611 544 1785 628 tempora

443 681 472 725 „
497 553 620 708 iiurllo
645 621 826 722 laudabili
853 622 1035 702 retineat.
1063 626 1167 726 Quia
1192 649 1284 706 veto
1309 628 1426 716 semel
1445 647 1598 723 amore,
1624 649 1666 706 ut
1687 628 1785 710 diari-

445 749 618 827 „·ruus,
643 724 828 806 libertatis
851 722 1075 804 aecelbbilia
1101 728 1189 805 loca
1215 727 1470 829 relinquentes
1496 730 1712 810 maluerunt
1739 728 1784 810 in

443 827 655 925 „remotis
679 826 878 929 paludibus
903 825 1109 923 habitare,
1133 829 1172 905 br
1197 828 1350 928 pacifice
1377 828 1608 909 moribus&
1634 830 1785 929 legibue

443 979 473 1029 „
497 930 572 1011 suis
597 927 769 1012 contenti
797 926 958 1025 ninere,
993 949 1107 1041 quam
1132 928 1238 1012 timis
1259 928 1521 1011 enailionibus
1544 930 1697 1033 Regum
1722 930 1788 1012 vel

444 1025 718 1134 „Principum
745 1028 929 1109 deservire
955 1028 1088 1128 inpulie
1113 1029 1348 1131 rapientibus
1373 1030 1787 1132 eontignictpuibutque

445 1173 473 1229 ς,
498 1130 711 1214 nobilitatis
735 1130 799 1211 sue
826 1129 1009 1231 paulatim
1035 1131 1117 1230 jure
1141 1133 1179 1211 8<
1204 1133 1342 1234 prediis
1367 1147 1589 1214 caruerunt.
1616 1133 1668 1210 Et
1694 1132 1790 1211 dnm

446 1230 693 1330 „bellorum
720 1230 866 1312 facinus
901 1230 1037 1314 inclita
1073 1231 1214 1335 pietate
1250 1232 1449 1315 salubriter
1486 1235 1616 1316 horret
1642 1232 1789 1334 direpta

446 1381 477 1431 „
500 1353 702 1437 repetere,
734 1330 930 1434 quianon
957 1332 1032 1416 line
1059 1334 1236 1435 sanguine
1262 1355 1408 1437 poterat
1435 1334 1572 1437 partim
1599 1355 1705 1415 metu
1731 1333 1786 1412 di·

445 1485 476 1532 „
500 1433 703 1532 vinitatis,
729 1433 867 1535 partim
890 1434 980 1537 quia
1005 1434 1127 1538 quieti
1152 1434 1272 1537 magis
1297 1437 1432 1538 degere
1458 1455 1587 1515 amant
1608 1489 1636 1532 ,.
1658 1435 1791 1516 nolue-

445 1575 474 1632 „
499 1557 621 1617 runt.
658 1534 824 1635 Imparit
850 1561 941 1637 ergo
966 1537 1047 1640 poll
1083 1536 1155 1618 hec
1178 1537 1397 1618 commertii
1423 1531 1623 1620 matitimi·
1641 1537 1789 1617 labotes

446 1685 477 1734 „
500 1637 556 1717 tei
582 1634 778 1716 familiaris
804 1639 978 1718 occasio.
1016 1639 1067 1718 Et
1093 1633 1286 1741 postquam
1312 1639 1478 1722 fundatis
1504 1638 1661 1718 urbibus
1678 1659 1791 1716 man·

446 1788 474 1835 „
499 1737 574 1837 sto,
600 1763 674 1838 que
701 1736 805 1841 ptius
830 1739 944 1819 ardua
972 1737 1172 1819 videbatur
1196 1741 1428 1841 complacuit
1456 1736 1643 1839 apparatis
1664 1736 1792 1817 ‘nauti-

446 1887 475 1934 ‚,
500 1865 548 1922 co
574 1842 674 1922 bona
700 1838 831 1920 omnia
857 1860 1042 1922 terrarum
1071 1841 1310 1922 convehendi
1336 1841 1431 1920 lana
1456 1842 1508 1922 est
1534 1839 1790 1922 consuetudo.

447 1989 476 2035 „
503 1942 655 2022 Tamen
695 1940 736 2020 in
762 1940 841 2024 dies
867 1941 1008 2024 melius
1039 1942 1263 2043 proficiente
1294 1940 1425 2041 patria
1449 1967 1542 2044 gens
1568 1935 1700 2021 eadem
1727 1963 1790 2021 ne·

449 2089 479 2135 „
503 2040 602 2143 gorii
628 2040 768 2122 terreni
803 2042 951 2142 questus
989 2044 1035 2124 ad
1063 2044 1224 2123 meliora
1249 2044 1474 2141 convertit,
1509 2043 1547 2122 8<
1573 2042 1793 2143 ubicunque

446 2291 476 2336 ,‚
502 2263 605 2346 ptn,
642 2243 704 2323 vel
731 2241 858 2340 furto,
880 2242 1156 2324 ferventiilimo
1182 2245 1379 2347 religionis
1403 2269 1533 2326 amore
1614 2263 1793 2345 quemme

447 2392 476 2436 ‚,
500 2344 779 2448 acquiretc,&
806 2367 918 2448 penes
944 2345 980 2424 le
1006 2368 1187 2449 reponere
1213 2346 1335 2447 cepit.
1363 2347 1423 2425 Ex
1440 2347 1557 2445 cujus
1575 2341 1793 2424 devotionis

446 2493 477 2539 „
501 2444 643 2525 metito
668 2465 816 2526 tantum
844 2444 1006 2530 Venetie
1032 2448 1197 2529 contulit
1222 2443 1405 2528 divinitas
1430 2445 1617 2549 propitia,
1642 2464 1686 2523 ut
1706 2467 1793 2543 qua·

447 2591 475 2641 „
500 2545 527 2624 si
553 2549 670 2628 altera
695 2572 717 2624 a
743 2545 936 2649 contiguis
960 2548 1180 2630 nationibus
1204 2548 1504 2651 frequentaretur
1526 2547 1674 2640 Roma,
1700 2546 1793 2623 dum

446 2695 475 2740 „
499 2649 602 2748 qnod
628 2648 696 2730 illa
722 2649 967 2750 privilegium
995 2650 1031 2729 le
1058 2650 1197 2750 gaudet
1234 2651 1373 2730 habere
1398 2650 1445 2729 de
1471 2669 1629 2751 corpore
1656 2644 1793 2740 Petri,

448 2795 477 2841 „
504 2750 574 2828 bec
602 2750 806 2832 secundum
845 2749 1003 2835 modum
1040 2750 1096 2828 sui
1124 2752 1264 2829 meruit
1289 2752 1337 2828 de
1362 2775 1521 2851 corpore
1548 2747 1706 2829 Marci.
1742 2752 1794 2823 Et

448 2895 477 2942 „
496 2869 686 2949 propterea
710 2850 988 2932 alternantibus
1014 2850 1210 2951 religionis
1237 2850 1366 2931 stuciis
1391 2851 1593 2931 concursus
1614 2848 1795 2926 adVene·

448 2985 478 3042 ·„
503 2950 595 3028 tiam
613 2950 668 3050 fit
693 2951 755 3030 vel
781 2953 971 3048 Romam,
998 2953 1012 3049 l
1025 2950 1070 3050 3)
1096 2972 1209 3053 atque
1235 2948 1323 3031 inde
1346 2951 1466 3033 credit
1491 2950 1612 3040 fidelis
1636 2948 1797 3062 quisque

450 3097 478 3143 „
505 3050 616 3130 unius
642 3048 709 3132 fibi
736 3051 930 3131 commodi
946 3053 1112 3135 'exiliere
1138 3054 1286 3134 causam
1314 3051 1645 3153 sialiomagillri,
1670 3049 1797 3130 &alto

449 3150 675 3255 „discipuli
697 3150 832 3255 fesium
860 3173 1062 3233 veneretur
1088 3173 1258 3257 tempore
1283 3155 1465 3256 glebam.
1493 3153 1795 3255 Quanta-perte-

450 3276 567 3346 „rea
593 3277 795 3354 corporum
831 3251 1144 3336 sanctissimorum
1181 3256 1340 3358 pignora
1376 3258 1554 3336 velante
1581 3254 1796 3348 Marcum,

448 3402 477 3449 „
504 3354 566 3433 vel
595 3356 673 3455 poll
701 3355 880 3436 Marcum
907 3356 1091 3438 meruerit
1116 3362 1276 3460 nclitum
1303 3379 1381 3437 nnn
1408 3351 1460 3438 est
1485 3357 1664 3436 evolvere
1680 3377 1797 3453 quan·

448 3503 478 3552 „
502 3455 706 3556 doqnidem
733 3476 840 3537 tanta
864 3455 974 3554 sunt,
1001 3479 1043 3537 ut
1068 3457 1206 3559 aliquis
1232 3459 1461 3538 rudiainter
1487 3484 1552 3539 eos
1575 3454 1798 3552 virtualem,

448 3603 479 3651 „
505 3556 777 3654 referentibus,
802 3578 914 3657 atque
943 3561 1213 3639 venerantibus
1237 3559 1388 3639 credere
1414 3558 1504 3661 quia
1529 3559 1688 3659 dignum
1701 3553 1799 3653 fnit,

450 3704 480 3753 „
506 3678 549 3735 ut
585 3656 755 3737 ficutiin
780 3660 905 3736 Roma
944 3659 1102 3738 milibus
1127 3656 1351 3740 Sannorum
1389 3659 1559 3761 cingitur
1595 3656 1798 3760 Apostolus

450 3808 479 3855 „
504 3756 683 3861 primus,
710 3756 758 3837 stc
786 3755 825 3835 in
852 3757 1016 3837 Venetia
1042 3758 1175 3839 multis
1201 3757 1418 3860 cingeretur
1444 3758 1616 3862 Apostoli
1644 3755 1756 3860 primi
1785 3810 1800 3853 ,

451 3906 479 3956 „
504 3858 607 3939 iilius
634 3857 875 3958 Evangelilln
901 3860 1115 3941 leeundus.
1153 3860 1278 3959 Hujus
1303 3863 1425 3963 glorie
1450 3860 1629 3962 cupidine
1655 3857 1800 3938 ferven-

408 4071 417 4084 „
451 4010 479 4057 „
505 3982 561 4041 tes
588 3960 628 4040 in
655 3961 820 4064 predicla
857 3961 947 4041 navi
986 3959 1167 4043 Venetici
1193 3964 1352 4046 Cretam
1379 3983 1601 4063 venerunt,
1637 3961 1689 4139 8ss
1702 3979 1800 4075 nutu

449 4115 456 4124 ·
923 4113 927 4120 “
1611 4117 1639 4161 m
1690 4085 1752 4156 el,

451 4240 517 4316 (3)
537 4235 678 4298 Plurimos
698 4238 745 4300 vel
760 4227 918 4304 'tenuitate
937 4241 986 4302 vol
1006 4191 1200 4321 dignitatibus
1219 4234 1344 4326 inignee
1373 4205 1452 4305 vitot
1471 4240 1608 4302 Venetiae
1627 4234 1800 4325 accedente!

531 4316 601 4374 Divi
622 4319 720 4375 Marci
728 4319 916 4455 Etanfelisto
935 4321 1057 4382 exuvias.
1076 4337 1248 4384 veneratum
1269 4322 1406 4382 exhibent
1415 4316 1584 4393 Dandulua,
1599 4313 1799 4400 uagiognpln

529 4392 767 4471 memrpienles,
787 4396 914 4475 aiiqm,
933 4397 986 4476 qui
1004 4394 1041 4463 tle
1060 4397 1146 4463 rebus
1168 4399 1286 4466 veneris
1311 4397 1400 4494 verba
1421 4397 1570 4492 iecerunt.
