3934 5342
493 416 578 503 324
708 387 878 474 ,Du
939 360 1492 483 Hosnrmag

431 602 460 645 „
485 569 577 625 xero
602 543 641 623 in
652 562 737 623 rnea
748 541 1034 623 remanentibus
1043 539 1246 657 potestate.
1272 541 1356 621 Post
1368 560 1532 622 mortem
1543 566 1774 629 veronicam

430 703 458 746 „
484 668 565 724 tota
592 642 764 748 praedifia
791 646 943 724 Dotnus
968 644 1098 741 Major
1122 646 1164 721 in
1191 644 1361 739 Solatio,
1385 644 1422 722 8<
1447 644 1576 740 curia,
1602 646 1640 725 8(
1666 653 1772 728 casse·

431 803 459 848 „
485 749 555 843 lae,
580 774 630 826 ae
651 747 807 842 hortus,
833 744 909 825 save
935 745 1089 843 omnia,
1114 770 1196 846 quae
1223 743 1321 823 mihi
1347 745 1562 844 reservavi,
1586 748 1774 831 &inmea

326 912 330 920 .
429 901 458 948 „
485 848 624 927 retinui
652 849 856 949 potestate,
879 867 1097 944 remaneat,
1120 845 1416 946 &perveniat'in
1428 847 1599 949 ptaedisia
1615 850 1688 928 Dei
1701 853 1773 931 Ee·

428 1003 460 1051 „
484 949 627 1047 clesia,
665 951 702 1029 8(
727 948 918 1050 Hospitali
945 950 1097 1028 Domus
1122 947 1296 1029 Dei·&c.
1331 948 1435 1027 Huic
1462 950 1577 1027 etiarn
1605 950 1777 1051 dationi,

427 1104 458 1150 „
482 1050 708 1148 oblacioni,
743 1051 781 1130 ἃ
808 1049 1052 1144 translacioni
1089 1075 1153 1152 per
1179 1075 1240 1129 rne
1267 1047 1369 1129 sosia
1397 1051 1555 1129 illustris
1583 1053 1777 1134 Dominus

411 1204 459 1251 p„
483 1151 710 1231 Laurentius
722 1152 931 1254 Theopulo
958 1152 1036 1232 Dei
1047 1151 1178 1231 Gratia
1192 1151 1440 1232 Veneriorum
1467 1150 1542 1250 (7)
1567 1154 1659 1230 Dux
1685 1180 1778 1236 cum

428 1252 549 1351 „suo
579 1254 719 1352 Maiori
745 1254 920 1333 Consilio
955 1255 1064 1333 suum
1102 1251 1272 1354 praestitit
1309 1253 1519 1354 benignum
1553 1255 1776 1353 assensum,

428 1407 458 1452 ,‚
483 1378 646 1456 eamque
670 1356 732 1434 sua
758 1353 982 1435 austmitate
1008 1353 1272 1449 confirmavit,
1299 1374 1342 1432 ut
1370 1354 1411 1432 stt
1438 1354 1570 1449 firma,
1596 1357 1633 1434 ἃ
1652 1381 1778 1456 perpe-

426 1509 455 1553 „
482 1474 554 1535 tuo
592 1455 757 1535 valitura
794 1456 864 1547 &o
902 1457 940 1536 8<
975 1457 1079 1558 quod
1114 1455 1358 1558 suprascripta
1395 1455 1603 1557 proprietas
1639 1459 1778 1536 debeat

429 1609 461 1656 „
487 1557 559 1637 esse
586 1556 829 1659 Hospitalis,
864 1583 886 1637 e
911 1558 1047 1638 debeat
1081 1557 1209 1638 vocari
1237 1559 1388 1636 Dornm
1415 1558 1526 1653 Dei,
1561 1557 1598 1635 8(
1624 1559 1781 1656 quodsi

428 1657 614 1761 „aliquo
650 1679 820 1760 tempore
856 1657 1001 1761 aliquid
1027 1685 1095 1759 pro
1123 1657 1220 1738 sosio
1246 1659 1452 1739 Arsenatus
1484 1660 1587 1737 velet
1623 1658 1704 1735 fieri
1731 1660 1781 1739 de

434 1811 461 1858 „
488 1758 705 1860 possessione
731 1761 773 1840 in
799 1759 927 1862 aliqua
953 1783 1057 1863 parte
1068 1759 1282 1840 Communi
1297 1760 1519 1856 necess’aria,
1544 1760 1646 1859 quod
1658 1761 1779 1838 Corn·

429 1913 459 1958 „
485 1884 603 1942 mune
630 1862 737 1964 possit
765 1861 939 1960 habere,
975 1863 1099 1943 dando
1125 1860 1416 1942 satissasiionent
1444 1862 1490 1941 de
1517 1861 1691 1961 eoquod
1718 1887 1781 1942 ac-

430 2014 458 2057 „
484 1963 780 2145 ceptunksuetit
805 1963 848 2045 in
873 1965 1060 2068 pecunia,
1084 1963 1149 2046 vel
1173 1963 1252 2044 alio
1278 1964 1417 2062 modo,
1442 1964 1546 2066 quod
1569 1961 1617 2042 fit
1639 1987 1782 2044 conve·

430 2114 460 2159 „
485 2086 593 2145 utens
659 2090 694 2147 c.
837 2134 849 2145 ,

598 2295 703 2367 ¹272·
729 2267 940 2351 Indisiione
961 2292 1026 2352 xv.
1051 2266 1115 2352 die
1138 2269 1247 2352 tertio
1271 2291 1430 2352 exeunte
1450 2272 1635 2375 Augusto.

478 2517 507 2563 2,
532 2470 621 2550 Part
645 2493 755 2575 capta
778 2470 855 2554 suit
878 2473 982 2577 quod
1005 2472 1251 2573 Datio,s1ve
1276 2473 1434 2555 offertio
1505 2497 1572 2551 ane
1595 2470 1785 2552 feeitDo»

428 2618 459 2669 η
482 2592 548 2650 mo
575 2571 676 2668 Dei,
702 2573 740 2654 8<
767 2574 889 2655 Fratri
916 2575 1127 2656 Laurentio
1155 2577 1226 2654 Vir
1252 2577 1433 2678 providus
1510 2573 1589 2673 ajut
1616 2573 1782 2674 Pellipa·

427 2719 456 2764 ‚,
482 2671 561 2752 tius
586 2673 634 2753 de
660 2675 890 2775 Domibus,
913 2704 936 2760 e
962 2677 1255 2781 proprietatibus
1281 2677 1360 2759 suis
1382 2675 1508 2779 pesnis
1535 2676 1576 2753 in
1603 2696 1783 2755 contrata

427 2820 458 2866 „
481 2773 517 2852 ἃ
542 2773 740 2873 Martini,
775 2779 911 2859 debeat
937 2781 1012 2861 esse
1035 2778 1144 2859 firma
1181 2778 1257 2859 stne
1283 2779 1411 2880 aliqua
1436 2775 1739 2857 contradisiione
1763 2829 1784 2872 ,

424 2919 459 2966 2,
481 2898 562 2954 non
585 2873 758 2959 obstante
792 2879 925 2983 aliquo
947 2880 1144 2980 consilio,
1182 2884 1244 2962 vel
1270 2882 1540 2961 ordinamento
1562 2878 1671 2980 super
1698 2879 1780 2957 hae

425 3019 455 3067 2,
480 2972 608 3074 rano,
628 3002 712 3080 quae
738 2980 877 3062 domun
900 2983 1036 3063 debeat
1063 2983 1369 3086 esseHospitale‚
1394 2983 1432 3061 &
1458 2982 1622 3063 debeant
1648 2978 1776 3060 vocari

424 3121 454 3168 „
479 3075 634 3160 Domus
658 3080 773 3181 Dei,
796 3081 850 3161 ita
875 3084 980 3182 quod
1005 3082 1032 3163 st
1056 3083 1193 3186 aliquo
1215 3107 1385 3187 ternpore
1411 3082 1558 3183 aliquid
1583 3107 1657 3185 pro
1678 3079 1783 3160 sasso

425 3225 457 3271 2,
481 3179 688 3261 Arsenatut
714 3183 815 3263 valet
841 3184 887 3265 de
900 3183 1117 3287 possessione
1143 3186 1184 3267 in
1209 3187 1338 3287 aliqua
1412 3207 1467 3265 rte
1493 3181 1693 3263 conmuni
1715 3205 1783 3261 ne··

425 3280 676 3372 „cessarium
700 3282 814 3382 fuir,
843 3287 950 3389 quod
971 3286 1196 3371 Comme
1250 3288 1333 3368 offit
1389 3292 1499 3369 abere
1526 3286 1651 3365 dando
1677 3282 1785 3363 satis*

424 3428 450 3472 ν
477 3377 684 3502 ustionem
712 3384 762 3466 de
785 3412 833 3467 eo
859 3389 965 3491 quod
989 3409 1187 3492 acceptum
1215 3313 1330 3471 {terit
1355 3387 1397 3468 in
1423 3387 1620 3492 pecunia,
1647 3386 1709 3464 vel
1736 3384 1782 3465 in

425 3530 454 3575 „
478 3481 583 3581 asro,
611 3508 665 3567 tta
690 3487 795 3586 quod
821 3488 864 3569 stt
890 3491 1149 3572 conveniens,

431 3679 440 3696 ο
482 3581 566 3698 Post
592 3586 843 3670 Laurentium
867 3616 981 3695 quem
1010 3592 1087 3674 soei
1113 3595 1370 3674 Fundatorem
1397 3615 1420 3671 a
1446 3591 1559 3689 Maio
1581 3591 1788 3668 Donatore

428 3680 646 3765 institutum
673 3689 878 3789 novimus,
904 3694 978 3774 alia
1004 3716 1052 3775 ex
1078 3695 1254 3783 catastico
1274 3696 1426 3774 Domus
1452 3692 1693 3772 innotescunt
1705 3689 1786 3765 Re·

425 3780 580 3967 ssiorutsn
603 3792 765 3875 nonina
786 3791 928 3895 quibua
962 3793 1126 3878 titulunt
1149 3795 1292 3878 Fratris
1319 3793 1550 3898 praeponitur
1575 3850 1589 3871 .
1623 3792 1680 3871 Ea
1717 3812 1786 3868 au·

448 3909 511 3966 em
555 3907 651 3972 unt:

1638 4001 1735 4096 1285.

443 4238 448 4247 ·
470 4185 534 4266 (7)
554 4194 637 4284 ἂμ,
649 4191 772 4269 Maioris
791 4194 915 4259 mutu
932 4195 1087 4261 decretum·
1102 4197 1161 4264 suit
1180 4218 1260 4263 anne
1283 4219 1367 4277 ¹²7²·
1385 4196 1434 4260 die
1454 4218 1502 4275 ²9³
1523 4199 1660 4280 Augusti,
1679 4193 1784 4257 rat-Ob-

582 4266 660 4329 larro
680 4270 758 4335 sassa
777 4277 884 4337 Dorou
905 4277 959 4336 Dei
979 4276 1116 4355 (innan
1137 4278 1180 4339 hie
1202 4277 1297 4338 verbi·
1318 4274 1513 4338 eonfinnaaur
1531 4277 1787 4351 uotpitatenuo»

581 4363 661 4425 mum
681 4350 757 4424 Dei,
776 4370 812 4412 eo
834 4355 973 4427 temporit
994 4352 1057 4428 iarn
1072 4355 1196 4415 tresiani
1216 4355 1378 4431 extitisse)
1400 4352 1486 4414 firma
1506 4355 1561 4416 esse
1583 4354 1720 4424 deberet,
1739 4350 1787 4426 ip·

589 4420 675 4503 ssque
696 4427 807 4513 Donet
826 4427 864 4491 ad
884 4426 1044 4510 Hospitalis
1065 4429 1147 4495 usunr
1164 4430 1214 4493 sub
1233 4432 1328 4493 titulo
1343 4432 1532 4494 Domutvei
1549 4432 1732 4511 eriperetur.
1841 4483 1845 4487 .
