3934 5342
518 349 599 434 182
742 345 1525 433 DeMounuranro‘

443 554 473 599 ‚,
497 526 637 602 magno
660 523 749 581 cum
777 522 973 578 murmure
1000 515 1137 577 ventus
1157 489 1349 595 arripuitt
1385 493 1784 583 circumtumentibut·

446 656 476 699 „
527 628 573 680 ue
600 600 710 680 undis
721 622 884 681 mortem
911 597 1037 680 cunas
1049 596 1252 677 imminere
1271 594 1497 676 formidant·
1526 597 1588 676 Fit
1615 601 1790 703 clamor,

451 755 479 798 „
499 628 789 782 iescenduntad
813 701 1018 795 inferiora,
1042 699 1108 779 ubi
1136 695 1313 799 reliquias
1337 696 1454 777 sacras
1480 697 1786 802 collocaverant,

444 854 472 899 ,‚
499 821 541 881 ut
568 827 630 882 eas
651 822 830 904 tanquam
857 801 1071 882 salutissuae
1095 825 1198 878 arma
1225 796 1507 896 tempestatibus
1524 822 1787 903 opponerent,
1851 827 1870 852 ²

443 947 473 999 „
498 902 736 1005 spumatque
763 902 1174 1004 refugiosalvarentur.
1200 900 1272 982 Sed
1297 923 1415 1001 quotu
1442 911 1674 1001 quaererent,
1701 933 1787 986 nus·

446 1056 474 1102 „
497 1028 613 1106 quam
640 1005 847 1106 deposrtum
869 1003 1034 1105 reperire
1109 1020 1264 1082 tuerunt
1285 1041 1303 1078 a
1323 1000 1522 1082 Mirantur
1538 1002 1705 1084 universi
1731 1030 1788 1087 nt·

447 1156 476 1203 „
499 1130 575 1206 qne
610 1106 763 1186 attoniti
797 1126 1007 1208 quarentes
1058 1101 1263 1203 ingillatim
1290 1123 1355 1203 pet
1390 1099 1553 1216 singulas
1576 1103 1790 1205 triremes,

445 1259 474 1303 „
498 1232 571 1288 nec
599 1209 719 1286 ussum
747 1206 986 1287 invenientes
1012 1204 1198 1285 indicium
1221 1204 1270 1283 de
1292 1205 1428 1284 locans
1453 1205 1566 1303 paulo
1586 1217 1678 1286 ante
1704 1208 1789 1288 resi·

444 1361 475 1404 ‚,
498 1309 623 1409 quiin,
648 1309 804 1388 redeunt
826 1308 974 1403 sestius,
1001 1305 1371 1401 undedisceuerant‚
1396 1304 1710 1405 &AEgincusrbus
1731 1310 1786 1389 rei

446 1459 476 1504 „
500 1410 738 1506 novitatem,
759 1411 1022 1512 aeperpessum
1044 1406 1490 1509 pericultnnexponunt:
1509 1405 1702 1488 Mirantur
1728 1409 1788 1490 isli

444 1559 475 1606 ‚‚
500 1509 619 1590 sittim
650 1514 928 1591 ueaccedentes
954 1511 1166 1603 adlocnm,
1192 1507 1232 1586 in
1256 1532 1359 1608 quo,
1385 1528 1427 1587 ut
1454 1507 1623 1607 superius
1645 1534 1789 1592 memo-

443 1660 475 1708 „
500 1610 605 1708 ravi,
623 1537 772 1693 innotus
785 1613 1056 1706 venerabatur,
1076 1608 1269 1711 reperiunt
1291 1607 1648 1709 reliquiasadsuum
1676 1613 1786 1691 mira·

443 1762 473 1807 „
499 1709 628 1792 biliter
653 1714 861 1814 hospitium
883 1712 1028 1792 rediisse
1049 1767 1060 1788 .
1085 1715 1185 1811 Qua
1211 1735 1270 1790 res
1296 1709 1396 1790 haud
1424 1732 1557 1811 parum
1582 1713 1709 1812 gaudii
1736 1713 1786 1793 ci
1860 1717 1863 1732 '

444 1861 473 1909 ‚,
498 1812 610 1893 vibus
630 1816 781 1894 attulit.
810 1813 1085 1893 Villamariuus
1111 1833 1339 1892 nutemcum
1367 1811 1465 1906 suin,
1492 1832 1642 1891 tantum
1669 1813 1786 1892 admi·

446 1965 475 2007 „
499 1912 658 1995 rationis
682 1917 721 1996 nc
738 1916 896 2018 stuporis
921 1914 1091 2014 accepit,
1118 1932 1161 1992 ut
1175 1910 1311 2007 veriti,
1337 1937 1384 1992 ne
1395 1910 1575 1993 Sanctum
1587 1912 1790 2012 lederent,

442 2065 474 2107 ‚,
499 2038 545 2091 ne
564 2015 761 2115 semaioris
771 2015 958 2116 naufragii
980 2041 1063 2094 reos
1088 2013 1304 2110 efficerent,
1329 2013 1553 2115 attingendo
1571 2015 1618 2093 de
1644 2037 1789 2096 coetero

444 2166 473 2209 ‚‚
499 2114 596 2193 sacra
608 2118 781 2216 profani,
805 2117 904 2198 nihil
918 2116 984 2196 srbi
1011 2114 1102 2196 inde
1127 2115 1286 2195 ulterius
1311 2114 1555 2194 auferendum
1567 2116 1637 2195 csse
1664 2119 1787 2198 decer·

442 2267 471 2310 „
497 2239 651 2297 nerent·
678 2218 788 2301 Abiit
814 2219 941 2321 itaque
969 2237 1124 2318 pacatos
1148 2241 1237 2296 cum
1260 2215 1622 2297 suisVilsamnrinus
1667 2243 1714 2297 ne
1733 2244 1788 2299 re·

441 2368 471 2409 „
495 2317 625 2422 petitis
649 2321 803 2420 quidem
831 2322 953 2400 tribus
977 2343 1177 2400 aureorum
1201 2317 1392 2416 milibus,
1427 2343 1525 2421 quos
1548 2272 1699 2400 civisne
1718 2341 1788 2422 pro

440 2469 467 2513 „
493 2419 668 2530 susceptis
694 2422 882 2525 Reliquiir
907 2421 1011 2503 dono
1037 2420 1109 2515 iam
1136 2418 1312 2498 dederat.

916 2514 1041 2601 Aliud
1062 2515 1317 2599 Miraculum,
1689 2607 1696 2612 ,

488 2643 528 2714 ,,’
544 2623 615 2702 Per
639 2623 744 2703 aliud
769 2649 921 2727 quoque
949 2645 1097 2724 tempus
1125 2621 1223 2704 turci
1246 2616 1526 2719 immanissimi,
1550 2615 1784 2722 qniChrisio

438 2773 466 2815 „
491 2725 687 2806 credentes
713 2748 850 2806 vexare
872 2751 950 2804 non
978 2724 1185 2818 defluunt,
1212 2723 1252 2801 in
1279 2723 1524 2803 obsedionem
1552 2724 1700 2825 AEginae
1725 2728 1783 2804 In-

429 2874 467 2919 ⁴„
493 2822 580 2904 sulae
601 2826 860 2923 advenerunt,
884 2850 929 2906 ac
950 2827 1057 2908 velut
1078 2850 1191 2907 canes
1216 2823 1337 2905 rabidi
1356 2824 1551 2941 Oppidum
1574 2825 1695 2927 ipsum
1716 2825 1786 2906 cir·

441 2976 470 3019 „
495 2927 751 3025 cumdautes,
776 2926 1005 3007 Christianis
1041 2928 1123 3009 illic
1149 2931 1481 3008 commanentibus
1518 2927 1746 3007 insultabant
1771 2979 1789 3022 ,

431 3077 464 3120 ‚‚
488 3023 581 3205 {nin
613 3053 679 3107 eos
703 3028 907 3132 omniaque
943 3030 1108 3131 ipsorum
1136 3030 1236 3109 bona
1273 3028 1316 3110 in
1352 3027 1528 3130 proximo
1564 3027 1783 3130 direpturi.

436 3178 465 3222 ‚,
530 3126 611 3208 iver
635 3150 764 3211 autem
790 3154 839 3211 ex
867 3152 974 3211 tanto
1013 3129 1180 3210 hosiiunr
1206 3131 1354 3231 impetu
1390 3128 1513 3209 nimio
1539 3152 1679 3231 pavore
1705 3155 1783 3230 per·

435 3278 463 3323 „
490 3227 606 3326 culfi,
631 3255 753 3333 quum
777 3232 879 3312 nihil
906 3232 974 3312 fibi
1002 3231 1192 3334 praesidii,
1229 3233 1331 3313 nihii
1358 3230 1493 3332 refugii
1528 3232 1705 3332 superesse
1733 3229 1785 3308 vi·

436 3380 467 3423 „
491 3328 648 3444 cierent,
668 3332 743 3414 fide
769 3333 932 3414 succensi
945 3334 991 3413 ad
1013 3336 1161 3415 beatam
1189 3330 1415 3434 felicemque
1428 3333 1614 3434 Martyris
1639 3355 1783 3409 memo·

434 3480 463 3524 „
487 3454 583 3510 rram
596 3433 738 3532 paritet
763 3435 1041 3537 confugerunt,
1067 3436 1127 3537 spe
1147 3433 1348 3516 certissima
1372 3433 1581 3512 retinentes·
1599 3455 1784 3533 nusquam

433 3582 461 3636 „
486 3527 555 3610 fibi
576 3534 655 3629 ejus
680 3535 935 3635 patrocinium
948 3536 1193 3634 defuturum,
1219 3536 1245 3616 sr
1272 3537 1311 3614 irs
1339 3535 1450 3635 plena
1476 3531 1574 3630 fide,
1600 3557 1643 3615 ae
1669 3536 1782 3611 devo

435 3683 464 3726 „
489 3631 598 3714 tione
622 3636 878 3748 deponerent.
905 3640 1035 3741 Caput
1062 3637 1182 3739 igitur
1208 3637 1405 3715 beatissimi
1423 3634 1607 3737 Martyris
1633 3659 1698 3737 per
1718 3657 1787 3734 gy·

432 3775 461 3828 „
485 3757 576 3814 rum
598 3749 797 3817 murorum
819 3739 935 3842 longa
957 3765 1001 3820 ac
1028 3740 1167 3820 devota
1194 3737 1424 3840 processione
1445 3736 1792 3829 circumferente2‚

435 3886 464 3930 ‚‚
492 3832 657 3917 hosiium
685 3841 887 3923 obtutibus
906 3842 1179 3943 apposuerunt.
1208 3842 1343 3940 Quum
1366 3864 1456 3920 ecce
1478 3837 1604 3919 subito
1629 3838 1789 3919 circum·

429 3986 459 4032 „
484 3936 957 4024 dederenubisiacoelum.
980 3943 1084 4022 Hinc
1105 3941 1363 4036 corruscatio,
1388 3939 1685 4035 inducuntur,
1710 3961 1786 4019 tan·

429 4088 458 4132 „
485 4057 601 4153 taque
624 4041 849 4142 hymbrium
877 4042 1272 4138 inundatiodefluxit‚
1299 4063 1342 4122 ut
1369 4041 1571 4143 antiquum
1593 4039 1787 4122 dilnvium

430 4188 459 4234 „
485 4141 617 4220 iterari
645 4167 830 4245 putares.
869 4146 1059 4226 Vincebat
1088 4166 1193 4223 terta
1221 4142 1420 4245 planitiem
1449 4143 1550 4222 unda
1575 4163 1787 4233 concreta,

429 4291 456 4333 „
485 4241 547 4320 ltn
572 4243 838 4324 nefandissrmi'
856 4245 954 4325 turci
982 4247 1248 4324 incessantibus
1276 4244 1417 4345 pluviis
1442 4244 1672 4325 reverberati
1698 4297 1713 4339 ‚
1744 4265 1788 4322 rc

427 4392 455 4438 „
479 4367 578 4442 pene
605 4346 760 4445 obruti,
786 4347 979 4444 secedere,
1006 4343 1209 4449 fugamque
1224 4369 1438 4446 maturare,
1467 4348 1570 4428 coati
1593 4348 1712 4525 sunt.s
1729 4344 1789 4425 In·

1432 4497 1434 4502 .
1526 4501 1530 4505 .
1637 4502 1666 4545 ’5
1706 4469 1741 4526 ς.
