3934 5342
1556 37 1580 101 ί

969 326 1046 415 S.
1110 332 2530 424 Marum-GRAT1ARum

411 493 537 544 tam
578 481 631 541 ἃ
671 480 1033 560 corporalem
1075 479 1466 558 potreffionem
1503 477 1692 539 Nobi-

411 558 529 619 lem
583 562 781 626 Virum
850 559 1160 620 Dominum
1216 561 1478 616 Marcum
1530 555 1693 629 Justi-

410 637 650 696 niarium
701 636 772 697 de
812 632 1066 695 confinio
1103 634 1287 693 Saneli
1332 629 1516 708 Moyfi
1561 651 1692 708 pro-

364 729 742 774 ·curatorem
817 711 1154 772 Monasterii
1209 710 1395 770 Sanffi
1451 709 1689 787 Georgii

409 789 653 860 Maioris
696 791 912 848 virtute
954 789 1007 847 ἃ
1046 788 1279 846 nomine
1317 785 1454 844 disti
1483 789 1694 845 Mona-

402 863 561 941 fierii
618 867 669 923 dt
725 884 833 940 pro
886 865 1006 943 ipso
1046 863 1397 923 Monasterio
1447 859 1519 921 de
1561 875 1694 923 tota

405 943 770 1016 proprietate
810 941 901 1003 seu
945 941 1246 1002 territorio
1274 982 1294 1012 ‚
1332 935 1485 1016 quod
1527 956 1697 998 voca-

406 1032 508 1074 tur
565 1019 769 1079 saneta
810 1021 1004 1080 Maria
1056 1017 1127 1079 de
1166 1021 1405 1077 Cavana
1433 1059 1452 1090 ‚
1505 1014 1695 1074 secun·

405 1090 546 1150 dum
587 1094 744 1172 quod
787 1094 905 1172 ipsa
948 1095 1272 1174 proprietas
1314 1091 1428 1152 sive
1456 1093 1693 1151 territo·

406 1170 560 1227 rium
603 1171 677 1231 ab
734 1191 850 1232 uno
901 1171 1002 1231 suo
1053 1172 1245 1248 capite
1288 1170 1348 1228 in
1391 1187 1693 1228 comenza-

404 1245 498 1304 ria
535 1283 554 1315 ,
609 1249 664 1305 ἆ
701 1248 777 1308 ab
832 1246 951 1309 alio
1004 1247 1101 1306 suo
1154 1246 1349 1321 capite
1389 1243 1587 1305 firmat
1628 1246 1691 1305 in

400 1322 618 1396 palude
674 1323 863 1382 versus
918 1324 1182 1383 sanetum
1235 1319 1582 1395 servolum,
1635 1322 1690 1379 ἃ

403 1399 671 1459 sanetum
713 1399 1055 1474 Nicolaum,
1097 1399 1173 1458 ab
1213 1417 1328 1456 uno
1369 1397 1465 1458 suo
1504 1395 1690 1458 latere

395 1472 600 1535 firmat
643 1478 704 1535 in
748 1476 956 1554 palude
998 1476 1188 1536 versus
1228 1475 1491 1535 Sane‘tum
1510 1479 1686 1534 Geor·

395 1550 557 1685 filum
600 1553 888 1629 Maiorem
917 1596 938 1626 ‚
993 1554 1045 1611 8.·
1086 1553 1161 1613 ab
1201 1553 1324 1612 alio
1363 1552 1460 1611 suo
1501 1549 1684 1612 latere

449 1644 599 1688 rmat
638 1632 698 1689 in
744 1628 949 1705 palude
992 1628 1179 1690 versus
1221 1627 1424 1689 canale
1461 1630 1683 1704 Orpha-

391 1723 536 1763 num
608 1724 850 1782 propter
919 1726 1091 1768 unam
1143 1706 1233 1766 br.
1288 1703 1402 1783 leg.
1457 1721 1679 1766 cartam

393 1797 572 1840 manu
616 1785 938 1843 nostrorum
981 1783 1232 1857 judicum
1261 1784 1680 1842 communitam

394 1857 752 1933 completam
795 1861 849 1920 ἃ
890 1860 1223 1920 roboratam
1265 1859 1475 1919 saaam
1506 1878 1680 1919 manu

391 1934 674 1993 Anthonii
725 1936 912 1996 Presb.
953 1942 1005 1995 S.
1040 1937 1446 1996 Bartholomaei
1476 1937 1527 1993 8<
1556 1940 1678 1994 No·

389 2011 533 2067 rarii
575 2017 794 2072 Amen.
832 2021 1001 2072 Anno
1042 2014 1116 2072 ab
1132 2015 1676 2073 IncarnationeDoe

387 2085 537 2144 mini
582 2089 758 2149 nostri
798 2089 918 2163 Jesu
959 2087 1166 2149 Christi
1210 2087 1518 2149 millesimo
1563 2106 1675 2148 tre·

389 2164 711 2226 centesimo
750 2164 1021 2245 vigefimo
1062 2167 1268 2227 octavo
1286 2165 1496 2226 Mensis
1513 2169 1675 2224 Mar·

385 2237 468 2295 cii
509 2241 605 2300 die
639 2244 1101 2321 vigefimotercio
1128 2246 1389 2302 intrante
1420 2241 1674 2300 Indicio-

386 2331 465 2371 ne
504 2315 809 2380 undecima
840 2319 1160 2380 Rivoaltoz
1204 2325 1333 2392 Qua
1363 2317 1673 2377 testifican-

383 2401 494 2457 tur,
563 2393 663 2468 ipsi
720 2399 984 2457 Marinus
1035 2397 1222 2455 Gritti
1287 2392 1359 2454 de
1414 2393 1674 2454 confinio

388 2467 578 2526 Sanfli
626 2476 1037 2546 Hermacorae,
1089 2474 1144 2531 ἃ
1199 2473 1450 2532 Zaninus
1493 2472 1674 2530 Mari-

381 2560 493 2601 nus
545 2544 616 2607 de
655 2548 916 2609 confinio
969 2549 1155 2609 sanai
1195 2547 1395 2621 Jacobi
1448 2546 1517 2606 de
1559 2550 1670 2607 Lu·

381 2619 517 2692 Ρῐῖθ
546 2664 564 2695 ,
607 2625 759 2700 quod
796 2627 890 2687 die
931 2626 1134 2686 eodem
1176 2640 1346 2686 erant
1386 2626 1444 2682 in
1486 2625 1665 2685 Curia

377 2710 578 2759 coram
631 2700 951 2764 nostrorum
989 2700 1251 2776 Judicum
1307 2698 1603 2779 praesentia
1642 2742 1662 2776 ,

2318 116 2328 159 l

1835 478 1892 537 ui
1944 477 2018 538 de
2059 479 2339 540 mandato
2377 479 2616 540 Domini
2672 482 2850 542 nostri
2890 486 3085 561 supra-

1816 555 1991 628 cripti
2031 559 2264 627 Ioannis
2319 558 2661 630 superantia
2714 560 2909 621 incliti
2977 566 3085 620 Ve-

1794 635 2273 693 netiarumDucis
2314 633 2527 692 ibidem
2568 651 2706 695 ante
2747 635 2801 696 se
2839 639 2913 696 ad
2959 638 3084 716 pla·

1794 709 1918 766 cita
1975 709 2227 776 tenenda
2293 707 2565 769 sedebant
2606 753 2625 783 ‚
2678 713 2959 789 quando,
3019 728 3089 774 ut

1794 782 1983 844 infra.
2027 790 2161 844 Haec
2201 786 2219 842 i
2264 785 2384 843 itur
2421 787 2722 846 audientes
2763 790 2816 848 ἅ
2859 789 3085 850 intelli·
3168 800 3173 804 ’

1793 875 1998 943 gentes
2038 805 2288 938 praedigli
2330 863 2568 920 Domini
2607 862 2833 936 Judices
2878 865 3089 926 videli-

1794 953 1892 997 cet
1932 941 2214 998 Dominus
2256 938 2580 999 Alexander
2622 944 3086 1002 Maurocenus&

1795 1018 2131 1075 Pancratius
2167 1017 2420 1096 Georgio
2448 1058 2467 1089 ,
2523 1017 2777 1076 Domino
2828 1019 3085 1080 Nicolao

1795 1093 2043 1152 Venerio
2080 1094 2277 1166 Judice
2315 1094 2575 1152 omnium
2616 1096 2908 1154 curiarum
2947 1095 3084 1166 sub-

1792 1164 2000 1228 stituto
2039 1167 2174 1230 loeo
2209 1170 2439 1228 Nobilis
2486 1171 2603 1229 Viri
2646 1173 2882 1233 Domini
2922 1177 3084 1233 Mar·

1791 1246 1848 1303 ci
1898 1244 2212 1319 Justiniano
2248 1244 2475 1319 ‘Judicis
2516 1249 2701 1306 Curiae
2735 1293 2753 1320 ‚
2803 1250 2902 1325 qui
2959 1269 3083 1311 non

1793 1335 2026 1399 poterat
2080 1322 2405 1397 hujusmodi
2504 1325 2752 1383 uaestioni
2811 1325 3081 1386 interesse

1790 1413 1933 1458 tunc
1975 1399 2207 1463 absente
2236 1442 2254 1473 ,
2309 1419 2411 1477 per
2460 1343 2658 1479 ¹fegem
2702 1402 2752 1458 ἀ
2799 1401 3080 1476 judicium

1784 1474 2106 1550 dixerunt,
2201 1475 2314 1536 uod
2355 1480 2683 1554 Margarita
2736 1477 2860 1538 fola
2916 1497 3081 1538 com·

1786 1552 2040 1613 missaria
2106 1551 2164 1613 di
2228 1554 2244 1610 i
2300 1554 2588 1612 Benednfli
2644 1553 2935 1632 quondam
3005 1555 3081 1614 de

1783 1632 2048 1690 Ferraria
2101 1629 2292 1706 postea
2347 1630 2697 1690 habitatoris
2750 1633 2914 1706 super
2959 1647 3085 1692 tet·-

1786 1706 2030 1779 ritorio,
2070 1705 2224 1783 quod
2266 1724 2510 1767 vocatur
2550 1707 2750 1768 Sanc'la
2773 1709 2963 1766 Maria
3003 1706 3074 1768 de

1781 1783 2021 1843 Cavana
2060 1784 2217 1844 exire
2254 1783 2461 1851 debeat
2505 1785 2661 1844 foras
2702 1785 2774 1844 de
2817 1803 2947 1843 tota
2990 1783 3081 1844 di-

1782 1860 1872 1919 aa
1912 1861 2272 1937 proprietate
2314 1858 2407 1921 seu
2440 1863 2739 1921 territorio
2770 1862 2822 1921 δι
2851 1860 2922 1919 de
2953 1857 3075 1935 ejus

1786 1953 1992 1996 tenuta
2034 1937 2084 1995 ἃ
2129 1936 2459 2009 posseffione
2494 1981 2513 2011 ‚
2573 1939 2624 1996 &c
2668 1937 2821 2016 quod
2877 1937 3075 2014 supra·

1780 2011 2026 2088 scriptus
2081 2012 2309 2070 Nobilis
2353 2016 2453 2072 Vir
2496 2020 2665 2073 Dom.
2709 2019 2938 2074 Marcus
2979 2019 3074 2084 Ju-

1774 2087 2026 2148 stiniano
2064 2091 2298 2148 nomine
2328 2090 2664 2150 Monasterii
2685 2093 2870 2150 Sanffl
2890 2094 3069 2149 Geor-

1772 2166 1854 2300 5ii
1898 2164 2184 2239 Maioris,
2228 2167 2449 2226 virtute
2492 2188 2749 2244 procurae
2793 2167 3070 2243 praedissae

1817 2239 2009 2302 eberet
2067 2244 2228 2302 intus
2286 2243 2508 2324 intrare
2566 2242 2618 2302 δε
2677 2244 2890 2304 habere
2945 2242 3068 2315 ejus

1778 2319 2041 2378 t'enutam
2085 2318 2138 2376 se
2181 2318 2570 2393 posseffionem
2615 2319 2918 2380 secundum
2949 2318 3066 2377 sor-

1774 2413 1928 2454 mam
1986 2395 2380 2468 statutorum,
2437 2397 2489 2454 ἀ
2532 2397 2648 2456 haec
2705 2417 2806 2471 per
2860 2413 3065 2454 verum
3155 2430 3158 2434 -

1773 2469 1906 2529 dico
1946 2471 2367 2530 testimonium.
2408 2475 2641 2552 Signum
2682 2472 3052 2549 suprascripti

1771 2545 1902 2607 Adae
1941 2545 2363 2620 Gastaldionis‚
2403 2548 2457 2607 ar
2502 2546 2897 2616 Ministerialis
2936 2550 3054 2608 Cu·

1769 2625 1865 2684 riae
1909 2622 2155 2699 Palatii,
2194 2624 2292 2701 qui
2334 2623 2460 2685 haee'
2494 2626 2725 2707 rogavit
2764 2625 2926 2687 fieri.

520 2851 600 2925 *Is
637 2856 761 2933 Ego
800 2855 994 2916 Presb.
1031 2858 1229 2916 Petrus
1268 2851 1533 2913 Fusculus
1573 2851 1836 2912 Ecclefiae
1876 2853 2065 2914 Sansti
2107 2855 2355 2916 Martini
2398 2853 2553 2917 testis
2592 2855 2666 2916 ss.

521 2930 601 3002 *I*
639 2933 766 3010 Ego
806 2931 1058 2994 Albanus
1099 2928 1286 2993 Presb.
1324 2930 1512 2991 Sansti
1553 2931 1765 2990 Felicis
1803 2929 1958 2991 testis
2000 2929 2070 2990 ss.
2130 3016 2141 3023 .

442 3079 569 3160 Ego
605 3080 884 3146 Nicolaus
924 3085 1114 3146 Presb.
1155 3083 1434 3146 Plebanus
1473 3081 1734 3145 Ecclesiae
1785 3077 1974 3144 'Sancti
2014 3084 2297 3145 Canciani
2336 3086 2620 3149 Notarius
2661 3083 2715 3146 &r
2758 3081 2914 3149 Aula
2952 3081 3048 3144 In·

676 3157 809 3248 ςὶρῄ
848 3163 1026 3259 Ducis
1067 3163 1444 3224 veneciarum
1484 3156 1882 3222 Cancellarius
1923 3158 2211 3238 complevi
2253 3158 2307 3221 ἃ
2348 3162 2655 3227 roboravi.

2715 4443 2964 4528 Divus
