<?xml version="1.0" encoding="UTF-8"?>
<!DOCTYPE html PUBLIC "-//W3C//DTD XHTML 1.0 Transitional//EN"
    "http://www.w3.org/TR/xhtml1/DTD/xhtml1-transitional.dtd">
<html xmlns="http://www.w3.org/1999/xhtml" xml:lang="en" lang="en">
 <head>
  <title>
</title>
<meta http-equiv="Content-Type" content="text/html;charset=utf-8" />
  <meta name='ocr-system' content='tesseract 3.04.00' />
  <meta name='ocr-capabilities' content='ocr_page ocr_carea ocr_par ocr_line ocrx_word'/>
</head>
<body>
  <div class='ocr_page' id='page_1' title='image "./ecclesiaeveneta00unkngoog_0043.png"; bbox 0 0 3934 5342; ppageno 0'>
   <div class='ocr_carea' id='block_1_1' title="bbox 467 354 1475 466">
    <p class='ocr_par' dir='ltr' id='par_1_1' title="bbox 467 354 1475 466">
     <span class='ocr_line' id='line_1_1' title="bbox 467 354 1475 466; baseline 0.01 -24"><span class='ocrx_word' id='word_1_1' title='bbox 467 354 1267 456; x_wconf 70' lang='lat' dir='ltr'>8.Fnructscrav1uar;</span> <span class='ocrx_word' id='word_1_2' title='bbox 1423 381 1475 466; x_wconf 85' lang='lat'>37</span> 
     </span>
    </p>
   </div>
   <div class='ocr_carea' id='block_1_2' title="bbox 190 507 1631 2550">
    <p class='ocr_par' dir='ltr' id='par_1_2' title="bbox 195 507 1540 1302">
     <span class='ocr_line' id='line_1_2' title="bbox 198 507 1537 613; baseline -0.001 -20"><span class='ocrx_word' id='word_1_3' title='bbox 198 515 476 613; x_wconf 80' lang='lat' dir='ltr'>ventorumque</span> <span class='ocrx_word' id='word_1_4' title='bbox 512 513 554 592; x_wconf 90' lang='lat' dir='ltr'>in</span> <span class='ocrx_word' id='word_1_5' title='bbox 581 511 677 589; x_wconf 89' lang='lat' dir='ltr'>mari</span> <span class='ocrx_word' id='word_1_6' title='bbox 704 509 900 591; x_wconf 82' lang='lat' dir='ltr'>Adriatico</span> <span class='ocrx_word' id='word_1_7' title='bbox 935 508 1110 604; x_wconf 75' lang='lat' dir='ltr'>jadiatum</span> <span class='ocrx_word' id='word_1_8' title='bbox 1148 509 1196 590; x_wconf 87' lang='lat' dir='ltr'>ad</span> <span class='ocrx_word' id='word_1_9' title='bbox 1232 507 1368 596; x_wconf 84' lang='lat' dir='ltr'>intima</span> <span class='ocrx_word' id='word_1_10' title='bbox 1393 510 1537 593; x_wconf 88' lang='lat' dir='ltr'>Veneti</span> 
     </span>
     <span class='ocr_line' id='line_1_3' title="bbox 199 609 1537 713; baseline -0.002 -18"><span class='ocrx_word' id='word_1_11' title='bbox 199 615 357 695; x_wconf 73' lang='lat' dir='ltr'>aestuarii</span> <span class='ocrx_word' id='word_1_12' title='bbox 383 615 470 693; x_wconf 89' lang='lat' dir='ltr'>loca</span> <span class='ocrx_word' id='word_1_13' title='bbox 493 614 530 693; x_wconf 89' lang='lat' dir='ltr'>se</span> <span class='ocrx_word' id='word_1_14' title='bbox 557 612 768 713; x_wconf 84' lang='lat' dir='ltr'>recepisse,</span> <span class='ocrx_word' id='word_1_15' title='bbox 803 611 845 690; x_wconf 90' lang='lat' dir='ltr'>in</span> <span class='ocrx_word' id='word_1_16' title='bbox 875 609 1127 709; x_wconf 87' lang='lat' dir='ltr'>quibuscum</span> <span class='ocrx_word' id='word_1_17' title='bbox 1155 610 1270 692; x_wconf 75' lang='lat' dir='ltr'>nodio</span> <span class='ocrx_word' id='word_1_18' title='bbox 1296 613 1447 712; x_wconf 83' lang='lat' dir='ltr'>degeret</span> <span class='ocrx_word' id='word_1_19' title='bbox 1471 618 1537 692; x_wconf 88' lang='lat' dir='ltr'>ob·</span> 
     </span>
     <span class='ocr_line' id='line_1_4' title="bbox 197 710 1536 816; baseline -0.004 -20"><span class='ocrx_word' id='word_1_20' title='bbox 197 716 451 812; x_wconf 75' lang='lat' dir='ltr'>dormiscott&#39;t,</span> <span class='ocrx_word' id='word_1_21' title='bbox 476 719 524 795; x_wconf 89' lang='lat' dir='ltr'>ab</span> <span class='ocrx_word' id='word_1_22' title='bbox 546 716 697 816; x_wconf 84' lang='lat' dir='ltr'>Angelo</span> <span class='ocrx_word' id='word_1_23' title='bbox 720 711 789 792; x_wconf 83' lang='lat' dir='ltr'>fibi</span> <span class='ocrx_word' id='word_1_24' title='bbox 814 719 1013 813; x_wconf 71' lang='lat' dir='ltr'>apparente</span> <span class='ocrx_word' id='word_1_25' title='bbox 1041 710 1268 791; x_wconf 78' lang='lat' dir='ltr'>vaticinium</span> <span class='ocrx_word' id='word_1_26' title='bbox 1295 714 1463 816; x_wconf 88' lang='lat' dir='ltr'>accepit,</span> <span class='ocrx_word' id='word_1_27' title='bbox 1488 739 1536 814; x_wconf 77' lang='lat' dir='ltr'>ep</span> 
     </span>
     <span class='ocr_line' id='line_1_5' title="bbox 198 811 1539 919; baseline -0.001 -23"><span class='ocrx_word' id='word_1_28' title='bbox 198 817 279 919; x_wconf 93' lang='lat' dir='ltr'>ipso</span> <span class='ocrx_word' id='word_1_29' title='bbox 302 816 347 895; x_wconf 89' lang='lat' dir='ltr'>in</span> <span class='ocrx_word' id='word_1_30' title='bbox 373 817 461 895; x_wconf 85' lang='lat' dir='ltr'>loeo</span> <span class='ocrx_word' id='word_1_31' title='bbox 487 816 741 900; x_wconf 78' lang='lat' dir='ltr'>adificandatn</span> <span class='ocrx_word' id='word_1_32' title='bbox 768 811 849 894; x_wconf 91' lang='lat' dir='ltr'>sore</span> <span class='ocrx_word' id='word_1_33' title='bbox 873 811 1070 892; x_wconf 88' lang='lat' dir='ltr'>civitatem</span> <span class='ocrx_word' id='word_1_34' title='bbox 1097 867 1111 908; x_wconf 87' lang='lat'>,</span> <span class='ocrx_word' id='word_1_35' title='bbox 1144 837 1226 913; x_wconf 75' lang='lat' dir='ltr'>qua</span> <span class='ocrx_word' id='word_1_36' title='bbox 1259 814 1370 915; x_wconf 80' lang='lat' dir='ltr'>ipsus</span> <span class='ocrx_word' id='word_1_37' title='bbox 1395 816 1432 893; x_wconf 98' lang='grc'>8(</span> <span class='ocrx_word' id='word_1_38' title='bbox 1457 840 1539 894; x_wconf 89' lang='lat' dir='ltr'>cor·</span> 
     </span>
     <span class='ocr_line' id='line_1_6' title="bbox 195 913 1537 1020; baseline -0.001 -25"><span class='ocrx_word' id='word_1_39' title='bbox 195 944 266 1019; x_wconf 75' lang='lat' dir='ltr'>pus</span> <span class='ocrx_word' id='word_1_40' title='bbox 291 917 509 1020; x_wconf 85' lang='lat' dir='ltr'>pollideret‚</span> <span class='ocrx_word' id='word_1_41' title='bbox 535 919 572 997; x_wconf 91' lang='grc'>8(</span> <span class='ocrx_word' id='word_1_42' title='bbox 598 914 815 1018; x_wconf 81' lang='lat' dir='ltr'>patrociniis</span> <span class='ocrx_word' id='word_1_43' title='bbox 841 913 1058 994; x_wconf 86' lang='lat' dir='ltr'>fulciretur.</span> <span class='ocrx_word' id='word_1_44' title='bbox 1086 917 1209 1010; x_wconf 87' lang='lat' dir='ltr'>Rem,</span> <span class='ocrx_word' id='word_1_45' title='bbox 1235 937 1276 993; x_wconf 94' lang='lat' dir='ltr'>ut</span> <span class='ocrx_word' id='word_1_46' title='bbox 1299 915 1537 1015; x_wconf 86' lang='lat' dir='ltr'>vulgotradi-</span> 
     </span>
     <span class='ocr_line' id='line_1_7' title="bbox 198 1013 1540 1119; baseline -0.002 -21"><span class='ocrx_word' id='word_1_47' title='bbox 198 1042 282 1118; x_wconf 88' lang='lat' dir='ltr'>tur,</span> <span class='ocrx_word' id='word_1_48' title='bbox 308 1020 473 1100; x_wconf 86' lang='lat' dir='ltr'>exhibeo</span> <span class='ocrx_word' id='word_1_49' title='bbox 499 1047 576 1100; x_wconf 90' lang='lat' dir='ltr'>non</span> <span class='ocrx_word' id='word_1_50' title='bbox 604 1041 646 1098; x_wconf 93' lang='lat' dir='ltr'>ut</span> <span class='ocrx_word' id='word_1_51' title='bbox 671 1015 784 1099; x_wconf 88' lang='lat' dir='ltr'>fidem</span> <span class='ocrx_word' id='word_1_52' title='bbox 811 1015 969 1094; x_wconf 83' lang='lat' dir='ltr'>astruam</span> <span class='ocrx_word' id='word_1_53' title='bbox 994 1070 1008 1112; x_wconf 81' lang='lat'>‚</span> <span class='ocrx_word' id='word_1_54' title='bbox 1031 1016 1091 1094; x_wconf 91' lang='lat' dir='ltr'>sed</span> <span class='ocrx_word' id='word_1_55' title='bbox 1117 1015 1242 1117; x_wconf 89' lang='lat' dir='ltr'>potius</span> <span class='ocrx_word' id='word_1_56' title='bbox 1269 1042 1316 1096; x_wconf 92' lang='lat' dir='ltr'>ne</span> <span class='ocrx_word' id='word_1_57' title='bbox 1343 1016 1460 1119; x_wconf 90' lang='lat' dir='ltr'>ipsam</span> <span class='ocrx_word' id='word_1_58' title='bbox 1487 1013 1540 1095; x_wconf 89' lang='lat' dir='ltr'>vi-</span> 
     </span>
     <span class='ocr_line' id='line_1_8' title="bbox 197 1118 1540 1223; baseline -0.003 -24"><span class='ocrx_word' id='word_1_59' title='bbox 197 1122 286 1200; x_wconf 89' lang='lat' dir='ltr'>dear</span> <span class='ocrx_word' id='word_1_60' title='bbox 312 1122 514 1223; x_wconf 75' lang='lat' dir='ltr'>ignorasse.</span> <span class='ocrx_word' id='word_1_61' title='bbox 542 1119 672 1202; x_wconf 77' lang='lat' dir='ltr'>Fusius</span> <span class='ocrx_word' id='word_1_62' title='bbox 696 1144 778 1200; x_wconf 89' lang='lat' dir='ltr'>rem</span> <span class='ocrx_word' id='word_1_63' title='bbox 804 1118 912 1197; x_wconf 88' lang='lat' dir='ltr'>affert</span> <span class='ocrx_word' id='word_1_64' title='bbox 925 1118 1127 1199; x_wconf 87' lang='lat' dir='ltr'>Dandulus</span> <span class='ocrx_word' id='word_1_65' title='bbox 1152 1118 1195 1198; x_wconf 92' lang='lat' dir='ltr'>in</span> <span class='ocrx_word' id='word_1_66' title='bbox 1216 1118 1365 1199; x_wconf 88' lang='lat' dir='ltr'>Chron.</span> <span class='ocrx_word' id='word_1_67' title='bbox 1391 1118 1540 1202; x_wconf 73' lang='lat' dir='ltr'>hotv,</span> 
     </span>
     <span class='ocr_line' id='line_1_9' title="bbox 195 1245 491 1302; baseline 0 0"><span class='ocrx_word' id='word_1_68' title='bbox 195 1245 346 1302; x_wconf 79' lang='lat' dir='ltr'>·ca.1..</span> <span class='ocrx_word' id='word_1_69' title='bbox 387 1246 491 1302; x_wconf 81' lang='lat' dir='ltr'>ant.</span> 
     </span>
    </p>

    <p class='ocr_par' dir='ltr' id='par_1_3' title="bbox 190 1248 1631 2550">
     <span class='ocr_line' id='line_1_10' title="bbox 244 1248 1540 1423; baseline -0.002 -20"><span class='ocrx_word' id='word_1_70' title='bbox 244 1248 307 1403; x_wconf 68' lang='lat' dir='ltr'>lilt</span> <span class='ocrx_word' id='word_1_71' title='bbox 333 1250 461 1405; x_wconf 58' lang='lat' dir='ltr'>utitem</span> <span class='ocrx_word' id='word_1_72' title='bbox 487 1323 620 1404; x_wconf 84' lang='lat' dir='ltr'>omnia</span> <span class='ocrx_word' id='word_1_73' title='bbox 642 1324 929 1418; x_wconf 82' lang='lat' dir='ltr'>recenseantur,</span> <span class='ocrx_word' id='word_1_74' title='bbox 953 1347 1036 1423; x_wconf 82' lang='lat' dir='ltr'>qua</span> <span class='ocrx_word' id='word_1_75' title='bbox 1062 1322 1107 1401; x_wconf 93' lang='lat' dir='ltr'>ad</span> <span class='ocrx_word' id='word_1_76' title='bbox 1134 1320 1247 1402; x_wconf 89' lang='lat' dir='ltr'>decus</span> <span class='ocrx_word' id='word_1_77' title='bbox 1273 1321 1427 1422; x_wconf 85' lang='lat' dir='ltr'>hujusce</span> <span class='ocrx_word' id='word_1_78' title='bbox 1447 1323 1540 1401; x_wconf 87' lang='lat' dir='ltr'>Coe-</span> 
     </span>
     <span class='ocr_line' id='line_1_11' title="bbox 199 1421 1540 1528; baseline -0.001 -24"><span class='ocrx_word' id='word_1_79' title='bbox 199 1425 309 1505; x_wconf 90' lang='lat' dir='ltr'>nobii</span> <span class='ocrx_word' id='word_1_80' title='bbox 334 1425 409 1506; x_wconf 82' lang='lat' dir='ltr'>five</span> <span class='ocrx_word' id='word_1_81' title='bbox 434 1426 619 1528; x_wconf 83' lang='lat' dir='ltr'>ad&#39;ipfiut</span> <span class='ocrx_word' id='word_1_82' title='bbox 645 1421 852 1506; x_wconf 85' lang='lat' dir='ltr'>utilitatem</span> <span class='ocrx_word' id='word_1_83' title='bbox 880 1425 1059 1504; x_wconf 80' lang='lat' dir='ltr'>devenire</span> <span class='ocrx_word' id='word_1_84' title='bbox 1071 1424 1304 1519; x_wconf 88' lang='lat' dir='ltr'>noscuntur,</span> <span class='ocrx_word' id='word_1_85' title='bbox 1330 1424 1407 1504; x_wconf 94' lang='lat' dir='ltr'>duo</span> <span class='ocrx_word' id='word_1_86' title='bbox 1418 1425 1540 1523; x_wconf 84' lang='lat' dir='ltr'>Euge-</span> 
     </span>
     <span class='ocr_line' id='line_1_12' title="bbox 197 1525 1538 1628; baseline -0.003 -22"><span class='ocrx_word' id='word_1_87' title='bbox 197 1525 256 1606; x_wconf 89' lang='lat' dir='ltr'>nii</span> <span class='ocrx_word' id='word_1_88' title='bbox 281 1527 390 1628; x_wconf 81' lang='lat' dir='ltr'>Papae</span> <span class='ocrx_word' id='word_1_89' title='bbox 416 1531 484 1606; x_wconf 89' lang='lat' dir='ltr'>IV.</span> <span class='ocrx_word' id='word_1_90' title='bbox 510 1529 718 1628; x_wconf 76' lang='lat' dir='ltr'>diplomata</span> <span class='ocrx_word' id='word_1_91' title='bbox 744 1527 931 1622; x_wconf 78' lang='lat' dir='ltr'>exhibeo,</span> <span class='ocrx_word' id='word_1_92' title='bbox 957 1551 1122 1627; x_wconf 91' lang='lat' dir='ltr'>quorum</span> <span class='ocrx_word' id='word_1_93' title='bbox 1148 1551 1225 1605; x_wconf 89' lang='lat' dir='ltr'>uno</span> <span class='ocrx_word' id='word_1_94' title='bbox 1248 1526 1452 1607; x_wconf 83' lang='lat' dir='ltr'>Florentia</span> <span class='ocrx_word' id='word_1_95' title='bbox 1478 1526 1538 1602; x_wconf 91' lang='lat' dir='ltr'>da·</span> 
     </span>
     <span class='ocr_line' id='line_1_13' title="bbox 201 1618 1540 1729; baseline -0.003 -23"><span class='ocrx_word' id='word_1_96' title='bbox 201 1649 245 1706; x_wconf 91' lang='lat' dir='ltr'>to</span> <span class='ocrx_word' id='word_1_97' title='bbox 269 1627 330 1708; x_wconf 86' lang='lat' dir='ltr'>die</span> <span class='ocrx_word' id='word_1_98' title='bbox 357 1651 411 1707; x_wconf 76' lang='lat' dir='ltr'>tv,</span> <span class='ocrx_word' id='word_1_99' title='bbox 440 1630 585 1709; x_wconf 81' lang='lat' dir='ltr'>Mensrs</span> <span class='ocrx_word' id='word_1_100' title='bbox 611 1628 768 1729; x_wconf 84' lang='lat' dir='ltr'>Augusti</span> <span class='ocrx_word' id='word_1_101' title='bbox 804 1654 903 1708; x_wconf 89' lang='lat' dir='ltr'>anno</span> <span class='ocrx_word' id='word_1_102' title='bbox 932 1628 1219 1706; x_wconf 84' lang='lat' dir='ltr'>Mccccxxrrrv.</span> <span class='ocrx_word' id='word_1_103' title='bbox 1234 1626 1424 1729; x_wconf 83' lang='lat' dir='ltr'>Jncobum</span> <span class='ocrx_word' id='word_1_104' title='bbox 1451 1618 1540 1705; x_wconf 83' lang='lat' dir='ltr'>Del-</span> 
     </span>
     <span class='ocr_line' id='line_1_14' title="bbox 190 1725 1540 1839; baseline 0.001 -34"><span class='ocrx_word' id='word_1_105' title='bbox 190 1725 350 1839; x_wconf 62' lang='lat' dir='ltr'>phinram</span> <span class='ocrx_word' id='word_1_106' title='bbox 386 1727 432 1809; x_wconf 82' lang='lat' dir='ltr'>de</span> <span class='ocrx_word' id='word_1_107' title='bbox 455 1725 613 1810; x_wconf 80' lang='lat' dir='ltr'>Veneriis</span> <span class='ocrx_word' id='word_1_108' title='bbox 639 1732 803 1831; x_wconf 89' lang='lat' dir='ltr'>primum</span> <span class='ocrx_word' id='word_1_109' title='bbox 831 1752 878 1809; x_wconf 83' lang='lat' dir='ltr'>ex</span> <span class='ocrx_word' id='word_1_110' title='bbox 915 1729 1214 1809; x_wconf 81' lang='lat' dir='ltr'>observantibus</span> <span class='ocrx_word' id='word_1_111' title='bbox 1241 1730 1370 1808; x_wconf 79' lang='lat' dir='ltr'>Terra</span> <span class='ocrx_word' id='word_1_112' title='bbox 1397 1726 1540 1806; x_wconf 75' lang='lat' dir='ltr'>Santlae</span> 
     </span>
     <span class='ocr_line' id='line_1_15' title="bbox 196 1828 1538 1928; baseline -0.001 -20"><span class='ocrx_word' id='word_1_113' title='bbox 196 1831 456 1911; x_wconf 86' lang='lat' dir='ltr'>Guardianum</span> <span class='ocrx_word' id='word_1_114' title='bbox 484 1833 519 1911; x_wconf 89' lang='lat' dir='ltr'>se</span> <span class='ocrx_word' id='word_1_115' title='bbox 547 1834 605 1911; x_wconf 92' lang='lat' dir='ltr'>ele</span> <span class='ocrx_word' id='word_1_116' title='bbox 633 1833 694 1912; x_wconf 89' lang='lat' dir='ltr'>isse</span> <span class='ocrx_word' id='word_1_117' title='bbox 721 1831 883 1927; x_wconf 86' lang='lat' dir='ltr'>satetur,</span> <span class='ocrx_word' id='word_1_118' title='bbox 910 1829 1032 1910; x_wconf 86' lang='lat' dir='ltr'>altero</span> <span class='ocrx_word' id='word_1_119' title='bbox 1057 1851 1211 1926; x_wconf 81' lang='lat' dir='ltr'>autern,</span> <span class='ocrx_word' id='word_1_120' title='bbox 1236 1830 1337 1928; x_wconf 88' lang='lat' dir='ltr'>quod</span> <span class='ocrx_word' id='word_1_121' title='bbox 1357 1828 1538 1909; x_wconf 77' lang='lat' dir='ltr'>Bononia</span> 
     </span>
     <span class='ocr_line' id='line_1_16' title="bbox 194 1858 631 2035; baseline -0.002 -25"><span class='ocrx_word' id='word_1_122' title='bbox 194 1931 298 2012; x_wconf 85' lang='lat' dir='ltr'>dedit</span> <span class='ocrx_word' id='word_1_123' title='bbox 324 1933 385 2011; x_wconf 89' lang='lat' dir='ltr'>die</span> <span class='ocrx_word' id='word_1_124' title='bbox 412 1957 457 2012; x_wconf 88' lang='lat'>11.</span> <span class='ocrx_word' id='word_1_125' title='bbox 485 1858 631 2035; x_wconf 57' lang='lat' dir='ltr'>Augus</span> 
     </span>
     <span class='ocr_line' id='line_1_17' title="bbox 194 2030 1538 2132; baseline -0.003 -22"><span class='ocrx_word' id='word_1_126' title='bbox 194 2057 267 2111; x_wconf 87' lang='lat' dir='ltr'>nea</span> <span class='ocrx_word' id='word_1_127' title='bbox 290 2034 541 2114; x_wconf 78' lang='lat' dir='ltr'>Bibliotheca</span> <span class='ocrx_word' id='word_1_128' title='bbox 578 2035 813 2115; x_wconf 88' lang='lat' dir='ltr'>incrementa</span> <span class='ocrx_word' id='word_1_129' title='bbox 839 2033 1033 2112; x_wconf 80' lang='lat' dir='ltr'>mandavit</span> <span class='ocrx_word' id='word_1_130' title='bbox 1059 2087 1072 2128; x_wconf 88' lang='lat'>,</span> <span class='ocrx_word' id='word_1_131' title='bbox 1108 2054 1150 2111; x_wconf 92' lang='lat' dir='ltr'>ut</span> <span class='ocrx_word' id='word_1_132' title='bbox 1188 2033 1317 2128; x_wconf 87' lang='lat' dir='ltr'>libri,</span> <span class='ocrx_word' id='word_1_133' title='bbox 1352 2058 1447 2132; x_wconf 84' lang='lat' dir='ltr'>quos</span> <span class='ocrx_word' id='word_1_134' title='bbox 1473 2030 1538 2107; x_wconf 89' lang='lat' dir='ltr'>seu</span> 
     </span>
     <span class='ocr_line' id='line_1_18' title="bbox 195 2125 1631 2236; baseline -0.003 -25"><span class='ocrx_word' id='word_1_135' title='bbox 195 2135 426 2234; x_wconf 83' lang='lat' dir='ltr'>emptionis,</span> <span class='ocrx_word' id='word_1_136' title='bbox 452 2139 516 2218; x_wconf 89' lang='lat' dir='ltr'>seu</span> <span class='ocrx_word' id='word_1_137' title='bbox 541 2136 620 2216; x_wconf 85' lang='lat' dir='ltr'>alio</span> <span class='ocrx_word' id='word_1_138' title='bbox 644 2135 906 2236; x_wconf 86' lang='lat' dir='ltr'>quovistitulo</span> <span class='ocrx_word' id='word_1_139' title='bbox 919 2133 1065 2214; x_wconf 81' lang='lat' dir='ltr'>Fratres</span> <span class='ocrx_word' id='word_1_140' title='bbox 1077 2134 1230 2233; x_wconf 85' lang='lat' dir='ltr'>hujusce</span> <span class='ocrx_word' id='word_1_141' title='bbox 1242 2136 1470 2212; x_wconf 79' lang='lat' dir='ltr'>Conventus</span> <span class='ocrx_word' id='word_1_142' title='bbox 1491 2128 1538 2207; x_wconf 84' lang='lat' dir='ltr'>de</span> <span class='ocrx_word' id='word_1_143' title='bbox 1622 2125 1631 2144; x_wconf 75' lang='grc'><em>’</em></span> 
     </span>
     <span class='ocr_line' id='line_1_19' title="bbox 192 2223 1536 2338; baseline -0.003 -25"><span class='ocrx_word' id='word_1_144' title='bbox 192 2228 416 2338; x_wconf 83' lang='lat' dir='ltr'>eleemoſsm&#39;s</span> <span class='ocrx_word' id='word_1_145' title='bbox 446 2231 514 2335; x_wconf 76' lang='lat' dir='ltr'>pio</span> <span class='ocrx_word' id='word_1_146' title='bbox 542 2233 717 2338; x_wconf 79' lang='lat' dir='ltr'>fidelium</span> <span class='ocrx_word' id='word_1_147' title='bbox 752 2244 965 2316; x_wconf 73' lang='lat' dir='ltr'>Venetorum</span> <span class='ocrx_word' id='word_1_148' title='bbox 992 2231 1130 2314; x_wconf 79' lang='lat' dir='ltr'>eisdem</span> <span class='ocrx_word' id='word_1_149' title='bbox 1156 2229 1354 2332; x_wconf 75' lang='lat' dir='ltr'>largitione</span> <span class='ocrx_word' id='word_1_150' title='bbox 1390 2223 1536 2313; x_wconf 81' lang='lat' dir='ltr'>collatis</span> 
     </span>
     <span class='ocr_line' id='line_1_20' title="bbox 193 2329 1536 2439; baseline -0.002 -25"><span class='ocrx_word' id='word_1_151' title='bbox 193 2336 293 2435; x_wconf 85' lang='lat' dir='ltr'>apud</span> <span class='ocrx_word' id='word_1_152' title='bbox 318 2339 356 2416; x_wconf 90' lang='lat' dir='ltr'>se</span> <span class='ocrx_word' id='word_1_153' title='bbox 382 2337 433 2417; x_wconf 82' lang='lat' dir='ltr'>ad</span> <span class='ocrx_word' id='word_1_154' title='bbox 456 2366 578 2416; x_wconf 82' lang='lat' dir='ltr'>eorum</span> <span class='ocrx_word' id='word_1_155' title='bbox 605 2339 686 2439; x_wconf 79' lang='lat' dir='ltr'>usus</span> <span class='ocrx_word' id='word_1_156' title='bbox 714 2341 928 2432; x_wconf 80' lang='lat' dir='ltr'>haberent,</span> <span class='ocrx_word' id='word_1_157' title='bbox 965 2335 1047 2435; x_wconf 82' lang='lat' dir='ltr'>ipfis</span> <span class='ocrx_word' id='word_1_158' title='bbox 1072 2333 1181 2413; x_wconf 75' lang='lat' dir='ltr'>viam</span> <span class='ocrx_word' id='word_1_159' title='bbox 1209 2333 1388 2436; x_wconf 71' lang='lat' dir='ltr'>universa</span> <span class='ocrx_word' id='word_1_160' title='bbox 1413 2329 1536 2413; x_wconf 71' lang='lat' dir='ltr'>omnir</span> 
     </span>
     <span class='ocr_line' id='line_1_21' title="bbox 190 2432 1535 2550; baseline 0.004 -41"><span class='ocrx_word' id='word_1_161' title='bbox 190 2432 350 2539; x_wconf 79' lang='lat' dir='ltr'>ingrefflt</span> <span class='ocrx_word' id='word_1_162' title='bbox 378 2437 427 2519; x_wconf 76' lang='lat' dir='ltr'>ad</span> <span class='ocrx_word' id='word_1_163' title='bbox 451 2449 684 2520; x_wconf 77' lang='lat' dir='ltr'>conventum</span> <span class='ocrx_word' id='word_1_164' title='bbox 709 2436 828 2538; x_wconf 82' lang='lat' dir='ltr'>ipsum</span> <span class='ocrx_word' id='word_1_165' title='bbox 854 2438 927 2549; x_wconf 79' lang='lat' dir='ltr'>ipso</span> <span class='ocrx_word' id='word_1_166' title='bbox 946 2436 1051 2550; x_wconf 76' lang='lat' dir='ltr'>sasso</span> <span class='ocrx_word' id='word_1_167' title='bbox 1072 2438 1391 2537; x_wconf 82' lang='lat' dir='ltr'>devolverentur,</span> <span class='ocrx_word' id='word_1_168' title='bbox 1417 2432 1535 2516; x_wconf 80' lang='lat' dir='ltr'>accir-</span> 
     </span>
    </p>
   </div>
   <div class='ocr_carea' id='block_1_3' title="bbox 79 2534 974 2639">
    <p class='ocr_par' dir='ltr' id='par_1_4' title="bbox 79 2534 974 2639">
     <span class='ocr_line' id='line_1_22' title="bbox 79 2534 974 2639; baseline 0.003 -26"><span class='ocrx_word' id='word_1_169' title='bbox 79 2577 82 2582; x_wconf 57' lang='lat'><em>&gt;</em></span> <span class='ocrx_word' id='word_1_170' title='bbox 191 2535 283 2615; x_wconf 83' lang='lat' dir='ltr'>dem</span> <span class='ocrx_word' id='word_1_171' title='bbox 302 2534 410 2635; x_wconf 79' lang='lat' dir='ltr'>pleno</span> <span class='ocrx_word' id='word_1_172' title='bbox 430 2539 516 2639; x_wconf 83' lang='lat' dir='ltr'>jure</span> <span class='ocrx_word' id='word_1_173' title='bbox 541 2542 781 2622; x_wconf 85' lang='lat' dir='ltr'>censerentur</span> <span class='ocrx_word' id='word_1_174' title='bbox 807 2537 974 2639; x_wconf 79' lang='lat' dir='ltr'>aqurfitt.</span> 
     </span>
    </p>
   </div>
   <div class='ocr_carea' id='block_1_4' title="bbox 241 2730 1483 2949">
    <p class='ocr_par' dir='ltr' id='par_1_5' title="bbox 241 2730 1483 2949">
     <span class='ocr_line' id='line_1_23' title="bbox 241 2730 1483 2853; baseline 0.004 -35"><span class='ocrx_word' id='word_1_175' title='bbox 241 2734 390 2820; x_wconf 74' lang='lat' dir='ltr'>Dileslo</span> <span class='ocrx_word' id='word_1_176' title='bbox 405 2732 494 2844; x_wconf 81' lang='lat' dir='ltr'>filio</span> <span class='ocrx_word' id='word_1_177' title='bbox 519 2733 733 2853; x_wconf 68' lang='lat' dir='ltr'>Gaillielmo</span> <span class='ocrx_word' id='word_1_178' title='bbox 759 2735 804 2821; x_wconf 81' lang='lat' dir='ltr'>de</span> <span class='ocrx_word' id='word_1_179' title='bbox 829 2730 958 2841; x_wconf 82' lang='lat' dir='ltr'>Casali</span> <span class='ocrx_word' id='word_1_180' title='bbox 981 2746 1019 2820; x_wconf 72' lang='lat'>8.</span> <span class='ocrx_word' id='word_1_181' title='bbox 1047 2735 1254 2841; x_wconf 80' lang='lat' dir='ltr'>Theologt‘ae</span> <span class='ocrx_word' id='word_1_182' title='bbox 1281 2740 1483 2848; x_wconf 76' lang='lat' dir='ltr'>Magistro,</span> 
     </span>
     <span class='ocr_line' id='line_1_24' title="bbox 478 2840 1258 2949; baseline 0.003 -25"><span class='ocrx_word' id='word_1_183' title='bbox 478 2840 624 2924; x_wconf 78' lang='lat' dir='ltr'>ordmrs</span> <span class='ocrx_word' id='word_1_184' title='bbox 649 2841 839 2934; x_wconf 82' lang='lat' dir='ltr'>Mittorurn</span> <span class='ocrx_word' id='word_1_185' title='bbox 865 2840 1039 2949; x_wconf 78' lang='lat' dir='ltr'>Ministro</span> <span class='ocrx_word' id='word_1_186' title='bbox 1064 2841 1258 2926; x_wconf 78' lang='lat' dir='ltr'>Generali.</span> 
     </span>
    </p>
   </div>
   <div class='ocr_carea' id='block_1_5' title="bbox 51 3045 1547 4563">
    <p class='ocr_par' dir='ltr' id='par_1_6' title="bbox 51 3045 1547 4543">
     <span class='ocr_line' id='line_1_25' title="bbox 240 3045 1532 3155; baseline -0.002 -26"><span class='ocrx_word' id='word_1_187' title='bbox 240 3097 268 3147; x_wconf 71' lang='lat'>‚,</span> <span class='ocrx_word' id='word_1_188' title='bbox 294 3049 449 3155; x_wconf 85' lang='lat' dir='ltr'>Propter</span> <span class='ocrx_word' id='word_1_189' title='bbox 475 3053 627 3150; x_wconf 82' lang='lat' dir='ltr'>bottas,</span> <span class='ocrx_word' id='word_1_190' title='bbox 664 3054 701 3133; x_wconf 89' lang='grc'>8(</span> <span class='ocrx_word' id='word_1_191' title='bbox 727 3054 973 3134; x_wconf 73' lang='lat' dir='ltr'>rationabiles</span> <span class='ocrx_word' id='word_1_192' title='bbox 998 3054 1124 3133; x_wconf 84' lang='lat' dir='ltr'>causas</span> <span class='ocrx_word' id='word_1_193' title='bbox 1152 3047 1274 3130; x_wconf 89' lang='lat' dir='ltr'>visum</span> <span class='ocrx_word' id='word_1_194' title='bbox 1311 3045 1363 3131; x_wconf 84' lang='lat' dir='ltr'>eli</span> <span class='ocrx_word' id='word_1_195' title='bbox 1391 3045 1532 3144; x_wconf 79' lang='lat' dir='ltr'>nobie,</span> 
     </span>
     <span class='ocr_line' id='line_1_26' title="bbox 187 3152 1532 3256; baseline -0.002 -25"><span class='ocrx_word' id='word_1_196' title='bbox 187 3197 217 3248; x_wconf 80' lang='lat'>‚‚</span> <span class='ocrx_word' id='word_1_197' title='bbox 243 3175 285 3232; x_wconf 93' lang='lat' dir='ltr'>ut</span> <span class='ocrx_word' id='word_1_198' title='bbox 307 3154 443 3255; x_wconf 87' lang='lat' dir='ltr'>aliquit</span> <span class='ocrx_word' id='word_1_199' title='bbox 469 3155 819 3256; x_wconf 84' lang='lat' dir='ltr'>bonusReligiosut</span> <span class='ocrx_word' id='word_1_200' title='bbox 844 3180 892 3237; x_wconf 86' lang='lat' dir='ltr'>etr</span> <span class='ocrx_word' id='word_1_201' title='bbox 918 3155 1157 3235; x_wconf 88' lang='lat' dir='ltr'>observantia</span> <span class='ocrx_word' id='word_1_202' title='bbox 1183 3152 1400 3236; x_wconf 88' lang='lat' dir='ltr'>mitteretur</span> <span class='ocrx_word' id='word_1_203' title='bbox 1411 3153 1532 3230; x_wconf 84' lang='lat' dir='ltr'>Guar-</span> 
     </span>
     <span class='ocr_line' id='line_1_27' title="bbox 189 3252 1533 3357; baseline 0.002 -26"><span class='ocrx_word' id='word_1_204' title='bbox 189 3302 217 3348; x_wconf 84' lang='lat'>‚‚</span> <span class='ocrx_word' id='word_1_205' title='bbox 242 3253 376 3334; x_wconf 83' lang='lat' dir='ltr'>dianus</span> <span class='ocrx_word' id='word_1_206' title='bbox 401 3258 447 3333; x_wconf 88' lang='lat' dir='ltr'>ad</span> <span class='ocrx_word' id='word_1_207' title='bbox 475 3257 636 3335; x_wconf 86' lang='lat' dir='ltr'>Terram</span> <span class='ocrx_word' id='word_1_208' title='bbox 663 3258 861 3353; x_wconf 62' lang='lat' dir='ltr'>sanilam,</span> <span class='ocrx_word' id='word_1_209' title='bbox 897 3259 998 3357; x_wconf 88' lang='lat' dir='ltr'>quod</span> <span class='ocrx_word' id='word_1_210' title='bbox 1033 3256 1218 3334; x_wconf 86' lang='lat' dir='ltr'>miramur</span> <span class='ocrx_word' id='word_1_211' title='bbox 1252 3257 1323 3333; x_wconf 85' lang='lat' dir='ltr'>else</span> <span class='ocrx_word' id='word_1_212' title='bbox 1355 3252 1533 3334; x_wconf 85' lang='lat' dir='ltr'>omissum</span> 
     </span>
     <span class='ocr_line' id='line_1_28' title="bbox 186 3350 1527 3468; baseline -0.003 -36"><span class='ocrx_word' id='word_1_213' title='bbox 186 3379 261 3449; x_wconf 80' lang='lat' dir='ltr'>„a</span> <span class='ocrx_word' id='word_1_214' title='bbox 297 3379 362 3432; x_wconf 88' lang='lat' dir='ltr'>tua</span> <span class='ocrx_word' id='word_1_215' title='bbox 401 3358 640 3456; x_wconf 88' lang='lat' dir='ltr'>prudentia.</span> <span class='ocrx_word' id='word_1_216' title='bbox 688 3359 835 3437; x_wconf 79' lang='lat' dir='ltr'>ldoirco</span> <span class='ocrx_word' id='word_1_217' title='bbox 865 3357 1048 3436; x_wconf 77' lang='lat' dir='ltr'>suasimus</span> <span class='ocrx_word' id='word_1_218' title='bbox 1084 3354 1223 3468; x_wconf 74' lang='lat' dir='ltr'>diledlo</span> <span class='ocrx_word' id='word_1_219' title='bbox 1274 3353 1356 3432; x_wconf 87' lang='lat' dir='ltr'>filio</span> <span class='ocrx_word' id='word_1_220' title='bbox 1402 3350 1527 3430; x_wconf 86' lang='lat' dir='ltr'>Fratri</span> 
     </span>
     <span class='ocr_line' id='line_1_29' title="bbox 51 3454 1537 3558; baseline 0 -28"><span class='ocrx_word' id='word_1_221' title='bbox 51 3519 74 3556; x_wconf 15' lang='lat' dir='ltr'>a*</span> <span class='ocrx_word' id='word_1_222' title='bbox 188 3505 217 3549; x_wconf 82' lang='lat'>‚,</span> <span class='ocrx_word' id='word_1_223' title='bbox 243 3455 410 3536; x_wconf 88' lang='lat' dir='ltr'>Scolario</span> <span class='ocrx_word' id='word_1_224' title='bbox 434 3513 446 3553; x_wconf 90' lang='lat'>‚</span> <span class='ocrx_word' id='word_1_225' title='bbox 474 3456 663 3558; x_wconf 81' lang='lat' dir='ltr'>Magistro</span> <span class='ocrx_word' id='word_1_226' title='bbox 687 3459 730 3537; x_wconf 89' lang='lat' dir='ltr'>in</span> <span class='ocrx_word' id='word_1_227' title='bbox 755 3460 866 3539; x_wconf 83' lang='lat' dir='ltr'>Sacra</span> <span class='ocrx_word' id='word_1_228' title='bbox 892 3456 1062 3558; x_wconf 79' lang='lat' dir='ltr'>pagina,</span> <span class='ocrx_word' id='word_1_229' title='bbox 1096 3456 1163 3554; x_wconf 82' lang='lat' dir='ltr'>qui</span> <span class='ocrx_word' id='word_1_230' title='bbox 1190 3454 1309 3534; x_wconf 88' lang='lat' dir='ltr'>suerat</span> <span class='ocrx_word' id='word_1_231' title='bbox 1335 3456 1537 3555; x_wconf 80' lang='lat' dir='ltr'>deputatus</span> 
     </span>
     <span class='ocr_line' id='line_1_30' title="bbox 189 3556 1534 3736; baseline -0.001 -102"><span class='ocrx_word' id='word_1_232' title='bbox 189 3605 217 3650; x_wconf 83' lang='lat'>‚,</span> <span class='ocrx_word' id='word_1_233' title='bbox 243 3581 311 3656; x_wconf 86' lang='lat' dir='ltr'>per</span> <span class='ocrx_word' id='word_1_234' title='bbox 334 3559 586 3736; x_wconf 53' lang='lat' dir='ltr'>Capitulum,</span> <span class='ocrx_word' id='word_1_235' title='bbox 610 3582 654 3638; x_wconf 91' lang='lat' dir='ltr'>ut</span> <span class='ocrx_word' id='word_1_236' title='bbox 679 3559 921 3639; x_wconf 85' lang='lat' dir='ltr'>renunciaret</span> <span class='ocrx_word' id='word_1_237' title='bbox 950 3561 990 3636; x_wconf 89' lang='lat' dir='ltr'>in</span> <span class='ocrx_word' id='word_1_238' title='bbox 1018 3558 1195 3637; x_wconf 79' lang='lat' dir='ltr'>manibus</span> <span class='ocrx_word' id='word_1_239' title='bbox 1218 3556 1376 3651; x_wconf 79' lang='lat' dir='ltr'>nostris,</span> <span class='ocrx_word' id='word_1_240' title='bbox 1401 3556 1439 3634; x_wconf 93' lang='grc'>8(</span> <span class='ocrx_word' id='word_1_241' title='bbox 1465 3580 1534 3634; x_wconf 83' lang='lat' dir='ltr'>not</span> 
     </span>
     <span class='ocr_line' id='line_1_31' title="bbox 186 3655 1536 3757; baseline -0.001 -23"><span class='ocrx_word' id='word_1_242' title='bbox 186 3695 214 3750; x_wconf 66' lang='lat'>9,</span> <span class='ocrx_word' id='word_1_243' title='bbox 240 3657 358 3737; x_wconf 84' lang='lat' dir='ltr'>alium</span> <span class='ocrx_word' id='word_1_244' title='bbox 401 3661 847 3757; x_wconf 78' lang='lat' dir='ltr'>ecimusGuardianum‚</span> <span class='ocrx_word' id='word_1_245' title='bbox 872 3660 1052 3740; x_wconf 86' lang='lat' dir='ltr'>videlicet</span> <span class='ocrx_word' id='word_1_246' title='bbox 1065 3661 1233 3739; x_wconf 84' lang='lat' dir='ltr'>Fratrem</span> <span class='ocrx_word' id='word_1_247' title='bbox 1246 3658 1430 3757; x_wconf 85' lang='lat' dir='ltr'>Jacobum</span> <span class='ocrx_word' id='word_1_248' title='bbox 1444 3655 1536 3735; x_wconf 89' lang='lat' dir='ltr'>Del-</span> 
     </span>
     <span class='ocr_line' id='line_1_32' title="bbox 184 3756 1543 3862; baseline -0.001 -25"><span class='ocrx_word' id='word_1_249' title='bbox 184 3809 215 3852; x_wconf 83' lang='lat'>„</span> <span class='ocrx_word' id='word_1_250' title='bbox 239 3759 319 3840; x_wconf 88' lang='lat' dir='ltr'>sino</span> <span class='ocrx_word' id='word_1_251' title='bbox 345 3762 391 3842; x_wconf 90' lang='lat' dir='ltr'>de</span> <span class='ocrx_word' id='word_1_252' title='bbox 419 3763 627 3842; x_wconf 83' lang='lat' dir='ltr'>Veneriis.</span> <span class='ocrx_word' id='word_1_253' title='bbox 666 3764 729 3841; x_wconf 90' lang='lat' dir='ltr'>Ne</span> <span class='ocrx_word' id='word_1_254' title='bbox 756 3787 848 3862; x_wconf 86' lang='lat' dir='ltr'>ergo</span> <span class='ocrx_word' id='word_1_255' title='bbox 874 3762 951 3862; x_wconf 91' lang='lat' dir='ltr'>ipse</span> <span class='ocrx_word' id='word_1_256' title='bbox 976 3760 1207 3856; x_wconf 64' lang='lat' dir='ltr'>molarios,</span> <span class='ocrx_word' id='word_1_257' title='bbox 1241 3759 1308 3859; x_wconf 91' lang='lat' dir='ltr'>qui</span> <span class='ocrx_word' id='word_1_258' title='bbox 1335 3758 1446 3838; x_wconf 88' lang='lat' dir='ltr'>nobis</span> <span class='ocrx_word' id='word_1_259' title='bbox 1473 3756 1543 3835; x_wconf 80' lang='lat' dir='ltr'>vir&#39;</span> 
     </span>
     <span class='ocr_line' id='line_1_33' title="bbox 186 3858 1532 3964; baseline -0.004 -26"><span class='ocrx_word' id='word_1_260' title='bbox 186 3912 216 3957; x_wconf 86' lang='lat'>„</span> <span class='ocrx_word' id='word_1_261' title='bbox 243 3862 389 3956; x_wconf 88' lang='lat' dir='ltr'>bonus,</span> <span class='ocrx_word' id='word_1_262' title='bbox 415 3864 451 3940; x_wconf 90' lang='grc'>8(</span> <span class='ocrx_word' id='word_1_263' title='bbox 478 3865 639 3963; x_wconf 82' lang='lat' dir='ltr'>prudens</span> <span class='ocrx_word' id='word_1_264' title='bbox 666 3864 841 3958; x_wconf 85' lang='lat' dir='ltr'>videtur,</span> <span class='ocrx_word' id='word_1_265' title='bbox 868 3885 1046 3964; x_wconf 87' lang='lat' dir='ltr'>tanquam</span> <span class='ocrx_word' id='word_1_266' title='bbox 1074 3869 1341 3961; x_wconf 80' lang='lat' dir='ltr'>contemptus,</span> <span class='ocrx_word' id='word_1_267' title='bbox 1366 3860 1403 3938; x_wconf 86' lang='grc'>8(</span> <span class='ocrx_word' id='word_1_268' title='bbox 1430 3858 1532 3935; x_wconf 88' lang='lat' dir='ltr'>abie-</span> 
     </span>
     <span class='ocr_line' id='line_1_34' title="bbox 185 3957 1532 4063; baseline -0.005 -23"><span class='ocrx_word' id='word_1_269' title='bbox 185 4014 213 4057; x_wconf 82' lang='lat'>‚‚</span> <span class='ocrx_word' id='word_1_270' title='bbox 239 3957 321 4040; x_wconf 72' lang='lat' dir='ltr'>erus</span> <span class='ocrx_word' id='word_1_271' title='bbox 348 3989 539 4043; x_wconf 86' lang='lat' dir='ltr'>remanere</span> <span class='ocrx_word' id='word_1_272' title='bbox 568 3964 775 4058; x_wconf 88' lang='lat' dir='ltr'>videatur,</span> <span class='ocrx_word' id='word_1_273' title='bbox 811 3964 907 4043; x_wconf 83' lang='lat' dir='ltr'>velis</span> <span class='ocrx_word' id='word_1_274' title='bbox 944 3987 1013 4063; x_wconf 94' lang='lat' dir='ltr'>pro</span> <span class='ocrx_word' id='word_1_275' title='bbox 1041 3964 1186 4043; x_wconf 90' lang='lat' dir='ltr'>honore</span> <span class='ocrx_word' id='word_1_276' title='bbox 1213 3961 1314 4055; x_wconf 87' lang='lat' dir='ltr'>suo,</span> <span class='ocrx_word' id='word_1_277' title='bbox 1349 3986 1392 4039; x_wconf 91' lang='lat' dir='ltr'>ac</span> <span class='ocrx_word' id='word_1_278' title='bbox 1420 3957 1532 4036; x_wconf 90' lang='lat' dir='ltr'>Ordi-</span> 
     </span>
     <span class='ocr_line' id='line_1_35' title="bbox 183 4058 1547 4167; baseline -0.004 -26"><span class='ocrx_word' id='word_1_279' title='bbox 183 4115 211 4159; x_wconf 88' lang='lat'>‚‚</span> <span class='ocrx_word' id='word_1_280' title='bbox 239 4061 321 4159; x_wconf 82' lang='lat' dir='ltr'>nie,</span> <span class='ocrx_word' id='word_1_281' title='bbox 348 4064 385 4141; x_wconf 89' lang='grc'>8(</span> <span class='ocrx_word' id='word_1_282' title='bbox 411 4065 526 4143; x_wconf 89' lang='lat' dir='ltr'>etiam</span> <span class='ocrx_word' id='word_1_283' title='bbox 554 4065 877 4167; x_wconf 88' lang='lat' dir='ltr'>contemplatione</span> <span class='ocrx_word' id='word_1_284' title='bbox 900 4064 1042 4160; x_wconf 86' lang='lat' dir='ltr'>nostri,</span> <span class='ocrx_word' id='word_1_285' title='bbox 1070 4064 1298 4144; x_wconf 88' lang='lat' dir='ltr'>honorarem</span> <span class='ocrx_word' id='word_1_286' title='bbox 1327 4061 1447 4161; x_wconf 89' lang='lat' dir='ltr'>ipsum</span> <span class='ocrx_word' id='word_1_287' title='bbox 1466 4058 1547 4137; x_wconf 55' lang='lat' dir='ltr'>ali»</span> 
     </span>
     <span class='ocr_line' id='line_1_36' title="bbox 188 4160 1532 4268; baseline -0.004 -25"><span class='ocrx_word' id='word_1_288' title='bbox 188 4217 214 4262; x_wconf 87' lang='lat'>„</span> <span class='ocrx_word' id='word_1_289' title='bbox 239 4190 318 4268; x_wconf 78' lang='lat' dir='ltr'>quq</span> <span class='ocrx_word' id='word_1_290' title='bbox 335 4164 474 4268; x_wconf 66' lang='lat' dir='ltr'>¹officii)</span> <span class='ocrx_word' id='word_1_291' title='bbox 495 4190 652 4265; x_wconf 53' lang='lat' dir='ltr'>‚uprout</span> <span class='ocrx_word' id='word_1_292' title='bbox 681 4188 847 4246; x_wconf 89' lang='lat' dir='ltr'>meretur</span> <span class='ocrx_word' id='word_1_293' title='bbox 875 4169 997 4246; x_wconf 84' lang='lat' dir='ltr'>virtus</span> <span class='ocrx_word' id='word_1_294' title='bbox 1019 4167 1114 4244; x_wconf 92' lang='lat' dir='ltr'>sua.</span> <span class='ocrx_word' id='word_1_295' title='bbox 1151 4167 1297 4244; x_wconf 90' lang='lat' dir='ltr'>Datum</span> <span class='ocrx_word' id='word_1_296' title='bbox 1328 4160 1532 4242; x_wconf 78' lang='lat' dir='ltr'>Florentia</span> 
     </span>
     <span class='ocr_line' id='line_1_37' title="bbox 187 4265 1535 4366; baseline -0.001 -25"><span class='ocrx_word' id='word_1_297' title='bbox 187 4320 215 4363; x_wconf 83' lang='lat'>„</span> <span class='ocrx_word' id='word_1_298' title='bbox 241 4292 341 4345; x_wconf 87' lang='lat' dir='ltr'>anno</span> <span class='ocrx_word' id='word_1_299' title='bbox 370 4267 660 4350; x_wconf 70' lang='lat' dir='ltr'>mendorum.</span> <span class='ocrx_word' id='word_1_300' title='bbox 687 4271 748 4350; x_wconf 88' lang='lat' dir='ltr'>die</span> <span class='ocrx_word' id='word_1_301' title='bbox 775 4291 828 4346; x_wconf 87' lang='lat' dir='ltr'>tv.</span> <span class='ocrx_word' id='word_1_302' title='bbox 856 4271 971 4348; x_wconf 79' lang='lat' dir='ltr'>attens.</span> <span class='ocrx_word' id='word_1_303' title='bbox 1002 4265 1161 4366; x_wconf 79' lang='lat' dir='ltr'>Augusti</span> <span class='ocrx_word' id='word_1_304' title='bbox 1186 4265 1431 4345; x_wconf 79' lang='lat' dir='ltr'>Ponnficatus</span> <span class='ocrx_word' id='word_1_305' title='bbox 1469 4286 1535 4339; x_wconf 91' lang='lat' dir='ltr'>no·</span> 
     </span>
     <span class='ocr_line' id='line_1_38' title="bbox 190 4365 1445 4543; baseline 0.001 -98"><span class='ocrx_word' id='word_1_306' title='bbox 190 4365 308 4465; x_wconf 86' lang='lat' dir='ltr'>„stri</span> <span class='ocrx_word' id='word_1_307' title='bbox 336 4365 650 4470; x_wconf 72' lang='lat' dir='ltr'>AnnoQuar&#39;to.</span> <span class='ocrx_word' id='word_1_308' title='bbox 679 4370 858 4470; x_wconf 86' lang='lat' dir='ltr'>Wading.</span> <span class='ocrx_word' id='word_1_309' title='bbox 887 4373 1003 4451; x_wconf 87' lang='lat' dir='ltr'>Tom.</span> <span class='ocrx_word' id='word_1_310' title='bbox 1033 4369 1078 4448; x_wconf 88' lang='lat' dir='ltr'>X.</span> <span class='ocrx_word' id='word_1_311' title='bbox 1107 4392 1188 4472; x_wconf 84' lang='lat' dir='ltr'>pag.</span> <span class='ocrx_word' id='word_1_312' title='bbox 1217 4394 1302 4467; x_wconf 75' lang='lat'>215.</span> <span class='ocrx_word' id='word_1_313' title='bbox 1410 4465 1445 4543; x_wconf 73' lang='lat' dir='ltr'><strong>E</strong></span> 
     </span>
    </p>

    <p class='ocr_par' dir='ltr' id='par_1_7' title="bbox 260 4490 1488 4563">
     <span class='ocr_line' id='line_1_39' title="bbox 260 4490 1488 4563; baseline -0.002 2"><span class='ocrx_word' id='word_1_314' title='bbox 260 4501 265 4510; x_wconf 79' lang='grc'><em>“</em></span> <span class='ocrx_word' id='word_1_315' title='bbox 305 4521 310 4532; x_wconf 70' lang='grc'><strong>“</strong></span> <span class='ocrx_word' id='word_1_316' title='bbox 1363 4518 1390 4563; x_wconf 81' lang='lat' dir='ltr'>tr</span> <span class='ocrx_word' id='word_1_317' title='bbox 1449 4490 1488 4543; x_wconf 66' lang='grc' dir='ltr'>ὓ·</span> 
     </span>
    </p>
   </div>
   <div class='ocr_carea' id='block_1_6' title="bbox 0 0 1972 5342">
    <p class='ocr_par' dir='ltr' id='par_1_8' title="bbox 0 0 1972 5342">
     <span class='ocr_line' id='line_1_40' title="bbox 0 0 1972 5342; baseline 0 6"><span class='ocrx_word' id='word_1_318' title='bbox 0 0 1972 5342; x_wconf 95' lang='lat' dir='ltr'> </span> 
     </span>
    </p>
   </div>
   <div class='ocr_carea' id='block_1_7' title="bbox 632 1928 1656 2014">
    <p class='ocr_par' dir='ltr' id='par_1_9' title="bbox 632 1928 1656 2014">
     <span class='ocr_line' id='line_1_41' title="bbox 632 1928 1656 2014; baseline -0.012 -2"><span class='ocrx_word' id='word_1_319' title='bbox 632 1933 644 2012; x_wconf 92' lang='lat' dir='ltr'>i</span> <span class='ocrx_word' id='word_1_320' title='bbox 671 1960 772 2013; x_wconf 92' lang='lat' dir='ltr'>anno</span> <span class='ocrx_word' id='word_1_321' title='bbox 799 1933 1107 2014; x_wconf 81' lang='lat' dir='ltr'>Mceccxxxvtt.</span> <span class='ocrx_word' id='word_1_322' title='bbox 1144 1933 1190 2009; x_wconf 92' lang='lat' dir='ltr'>ad</span> <span class='ocrx_word' id='word_1_323' title='bbox 1219 1934 1372 2011; x_wconf 80' lang='lat' dir='ltr'>Veneta:</span> <span class='ocrx_word' id='word_1_324' title='bbox 1399 1932 1445 2009; x_wconf 88' lang='lat' dir='ltr'>de</span> <span class='ocrx_word' id='word_1_325' title='bbox 1473 1928 1537 2005; x_wconf 85' lang='lat' dir='ltr'>Vi·</span> <span class='ocrx_word' id='word_1_326' title='bbox 1643 1937 1656 1966; x_wconf 58' lang='lat'><strong>⁸</strong></span> 
     </span>
    </p>
   </div>
  </div>
 </body>
</html>
