3934 5342
429 307 434 316 ⁴
472 330 695 416 -Saucrt
727 330 967 416 Gaoacrt
1000 332 1270 429 Minoam
1406 358 1480 422 ror

213 534 240 582 „
266 509 353 564 cum
377 481 613 585 lapidaretur]
632 510 654 561 a
673 481 790 582 judeis
820 481 923 562 celos
951 496 1099 581 apertos
1118 481 1156 560 8(
1187 480 1310 580 Iesum
1342 478 1500 562 stantem
1515 501 1548 556 ‘a

213 627 242 682 „
266 586 407 666 dextris
439 583 649 685 Deipatris
681 582 807 685 potuit
837 581 1118 682 contemplari.
1155 583 1242 661 Hoc
1271 581 1387 662 etiarn
1413 601 1546 662 orante

213 713 243 783 „
267 688 427 783 Saulus,
444 705 792 765 utuconverteretut
827 681 899 760 luit
932 702 1157 762 excecatus.
1193 681 1383 783 quiahoc
1414 702 1547 764 orante

213 809 309 882 ,curt
324 787 610 886 baptizaretur,
635 785 707 863 luit
732 782 991 866 illuminatus.
1019 783 1104 862 Hoc
1123 803 1254 862 orante
1286 785 1332 862 de
1353 785 1467 864 Saulo
1498 781 1548 860 fa·

213 939 240 983 „
256 885 346 966 cius
364 886 594 967 eli-Paulus.
621 889 708 966 Hoc
727 906 858 965 orante
879 883 1091 983 persecutor
1121 884 1345 963 consecutus
1368 883 1421 962 est
1442 909 1549 962 oran

212 1036 240 1082 „
265 987 317 1065 du·
334 988 575 1090 Apostolatus
595 989 821 1104 primatum,
849 984 956 1084 Quid
977 984 1095 1084 igitur
1124 982 1265 1081 fieret,
1291 973 1318 1061 st
1338 985 1549 1085 Imperator

213 1137 240 1183 „
255 1107 331 1166 ‘aut
351 1088 508 1190 Imperii
530 1116 555 1167 o
581 1110 731 1168 trmares
753 1087 815 1166 vel
836 1086 942 1186 plebs
973 1100 1041 1165 nos
1061 1085 1134 1166 hoc
1157 1086 1255 1164 velle
1284 1083 1416 1166 saltem
1436 1079 1549 1163 senti-

213 1239 241 1285 „
267 1194 359 1268 ret?
394 1191 467 1268 His
497 1116 634 1269 auditis
656 1189 874 1270 Monachus
894 1187 1003 1284 nullo
1025 1209 1165 1266 terrore
1195 1185 1452 1281 concutitur,
1487 1179 1550 1264 std

212 1341 240 1384 „
265 1288 495 1386 ferventior,
520 1291 557 1370 8(
578 1289 815 1372 constantior
839 1286 1040 1384 redditur,
1065 1287 1208 1387 talique
1240 1288 1412 1387 responso
1432 1285 1550 1368 custo
1613 1293 1619 1306 ’

209 1439 247 1485 ,,.
261 1389 347 1469 dem
367 1391 602 1494 alloquitur,
629 1395 718 1495 Que
737 1390 831 1472 dicis
851 1385 987 1470 cundia
1006 1387 1205 1485 novimus,
1230 1388 1322 1465 &ea
1340 1389 1554 1488 multoque·
1604 1485 1608 1492 ι

211 1490 371 1590 ,plora
402 1494 448 1572 de
480 1494 549 1570 illo
568 1495 709 1577 cotidie
740 1492 936 1592 legimus,
962 1491 999 1572 8(
1030 1487 1160 1571 omnia
1186 1488 1400 1570 venerando
1430 1486 1548 1569 credi·

210 1642 239 1696 „
264 1616 369 1670 mus.
396 1593 457 1672 lbi
473 1619 645 1694 namque
666 1591 963 1693 frequentabitur
985 1590 1219 1670 reverentius
1241 1589 1487 1690 precibusque
1508 1583 1555 1667 &-

210 1694 480 1786 „muneribus
503 1720 579 1772 non
598 1694 720 1773 solum
751 1719 772 1770 a
796 1691 1025 1786 Veneticis,
1051 1715 1183 1770 verum
1215 1690 1332 1768 etiam
1353 1717 1375 1768 a
1400 1688 1547 1769 conclis

210 1840 238 1886 „
263 1793 590 1874 occidentalibus.
628 1795 678 1873 Et
704 1794 746 1874 in
778 1792 941 1872 Venetia
962 1793 1104 1893 primus
1137 1792 1289 1891 Martyr
1320 1789 1547 1892 Apostolum

206 1942 235 1988 2,
262 1891 439 1973 Marcum
460 1894 723 1975 lanblissimum
747 1892 1215 1994 primumEvangelistam
1240 1891 1378 1971 lotium
1401 1917 1545 1992 prome-

207 2042 236 2088 ,‚
260 1992 405 2074 rebitur
416 2051 434 2072 .·
451 1998 555 2075 Cum
579 1993 670 2076 talia
681 1996 897 2075 Monachus
918 1994 964 2075 de
986 1995 1046 2076 die
1069 1995 1110 2072 in
1132 1994 1232 2072 diem
1256 2013 1405 2092 ageret,
1431 1983 1546 2091 &ipli

207 2143 238 2188 „
259 2093 403 2174 custodi
423 2123 501 2176 non
524 2097 600 2190 srne
622 2097 785 2197 lingultu
818 2117 943 2196 preces
964 2094 1172 2190 funderet,
1198 2094 1308 2193 eique
1342 2093 1462 2172 multa
1484 2097 1545 2170 da·

207 2223 243 2289 „·
260 2216 346 2291 ret,
368 2198 832 2300 pluraquepromirteret,
857 2197 893 2274 8(
919 2222 1007 2276 cum
1029 2195 1177 2293 jejuniis
1198 2248 1212 2289 ,
1237 2195 1274 2273 8(
1304 2185 1546 2273 helemosrnis

205 2339 234 2389 9,
248 2316 374 2397 'atque
390 2300 625 2380 orationibus
638 2300 764 2379 Deum
789 2298 1061 2395 adjutoremob
1082 2297 1123 2375 id
1140 2296 1377 2397 deposcerent
1404 2293 1543 2373 facium

202 2396 309 2488 „uest
329 2398 536 2495 diuinitus,
561 2403 664 2501 quod
684 2400 853 2501 quadam
865 2400 925 2478 die
947 2398 1070 2478 custos
1095 2398 1142 2476 ad
1160 2398 1198 2482 le
1213 2395 1454 2476 Monachum
1479 2422 1542 2472 uo-

205 2540 233 2589 „
258 2518 359 2575 caret
379 2511 397 2593 ,'
428 2520 541 2600 atque
560 2501 660 2580 inter
693 2521 816 2580 cetera
839 2497 886 2580 stc
906 2499 1039 2578 affatus
1060 2498 1144 2594 est,
1180 2524 1269 2577 eum
1295 2497 1423 2575 audire
1446 2490 1543 2574 illud

203 2643 232 2688 ,‚
258 2595 558 2709 desiderantem.
584 2600 787 2682 ¹Hadienus
809 2602 937 2679 Frater
959 2595 1067 2677 stnrul
1095 2600 1209 2678 uerba
1237 2597 1471 2692 habuimus,
1505 2595 1544 2676 8(

203 2741 231 2790 ,,
256 2696 329 2773 rabi
352 2698 563 2780 blandienti
584 2703 624 2778 8(
643 2702 849 2795 exoranti,
876 2700 982 2778 nulla
1006 2699 1074 2778 nifi
1095 2701 1186 2778 dura
1207 2698 1243 2776 8(
1269 2700 1394 2799 aspera
1416 2695 1544 2773 retuli-

205 2845 234 2890 „
258 2821 368 2894 mur,
394 2801 738 2899 nunc..hujutmodi
759 2800 992 2882 causationes
1013 2800 1162 2900 penitus
1183 2799 1439 2901 postponimus
1453 2800 1539 2874 Deo
1658 2815 1662 2822 “

203 2945 231 2991 ‚s
256 2896 440 2984 &Sanno
461 2901 654 3001 Stephano
675 2923 800 2982 totum
822 2900 1103 2984 committimus
1125 2924 1188 2978 tue
1210 2898 1439 2999 flagitationi
1452 2899 1544 2976 tuis·

200 3043 227 3092 „
252 2998 825 3103 querrfingultibus>8<1acry=mis
849 3001 1037 3082 uberrime
1059 3002 1264 3084 liuentibus
1284 3027 1296 3098 ·,
1319 3001 1467 3100 tuisque
1489 2998 1542 3076 su

201 3150 229 3193 ,‚
252 3098 376 3197 spiriis
395 3104 745 3184 condescendimus.
775 3102 944 3183 Habebis
963 3103 1117 3203 quidem
1140 3125 1275 3201 corpus
1297 3102 1540 3182 Prothomar·

201 3247 228 3293 „
252 3198 384 3297 tyris,
404 3205 517 3316 ‚quod
537 3205 721 3303 expetis,
757 3203 783 3282 st
811 3225 939 3282 tamen
966 3204 1064 3281 illud
1089 3229 1154 3317 per
1189 3203 1343 3301 aliquod
1370 3224 1542 3300 tempora

200 3348 227 3393 „
252 3302 458 3398 celaveras,
482 3303 557 3381 &st
577 3305 678 3403 prius
691 3326 728 3383 te
740 3304 787 3386 fic
806 3304 994 3382 faciurum
1007 3303 1165 3382 firmiter
1177 3301 1436 3402 spoponderis.
1465 3298 1543 3374 Vix

201 3449 228 3493 ,‚
255 3403 415 3510 uerbum
434 3428 457 3481 a
478 3403 629 3484 custode
641 3404 795 3504 finitur,
819 3404 858 3484 8(
871 3403 1090 3485 Monachus
1109 3401 1344 3502 statimquasr
1362 3399 1546 3480 exanimis

202 3547 229 3594 n
248 3505 318 3599 ⁴pr'e
344 3504 485 3603 gaudio
508 3506 708 3601 officitur,
742 3506 779 3586 8(
805 3506 927 3602 jacens
953 3507 996 3583 in
1024 3528 1121 3584 tetra
1157 3530 1222 3604 per
1248 3503 1405 3602 longum
1435 3501 1544 3580 hora-

200 3649 228 3694 „
254 3627 338 3698 rum
360 3605 524 3704 rspatium
552 3609 626 3697 diu¹
645 3606 825 3688 fiscitatus
852 3609 918 3688 vix
944 3605 1126 3706 erigitur.
1152 3603 1350 3703 Postquam
1379 3627 1469 3680 vero
1495 3601 1543 3679 de

199 3735 226 3794 n
252 3722 349 3781 terra
375 3709 414 3784 le
437 3707 557 3798 erexit
581 3708 705 3790 statim
723 3708 775 3792 in
803 3729 947 3808 partem
975 3705 1162 3801 ecclelia,
1187 3705 1228 3783 in
1249 3729 1323 3805 qua
1349 3701 1479 3806 omnia
1501 3700 1544 3780 il·

199 3851 228 3894 „
253 3802 593 3903 latrabiaban'tur,
618 3808 801 3908 perexit,
836 3809 874 3887 8(
901 3809 940 3886 ἰη
969 3807 1232 3909 pavimentum
1259 3802 1477 3904 se'projecit
1505 3802 1544 3880 8(

198 3952 228 3997 „
254 3901 359 3981 hunc.
379 3911 589 3990 orationem
617 3912 664 3990 ad
676 3911 890 3989 Dominum
918 3935 1006 3989 cunr
1034 3906 1264 3997 fletusecit:
1293 3903 1462 3984 Domine
1487 3902 1548 4000 Je·⁴

155 4001 183 4058 s
199 4055 226 4099 „
251 4003 472 4086 sunnine
501 4010 574 4087 Fili
603 4010 680 4090 Dei
708 4010 812 4106 vivi,
837 4009 904 4111 qui
932 4008 1090 4088 humilis
1117 4004 1304 4087 videbaris
1330 4004 1474 4082 mundo
1501 4001 1581 4082 inu

202 4106 387 4220 „carnis
413 4107 638 4190 infirmitate
657 4111 743 4206 ,dr
770 4111 879 4212 super
917 4135 1053 4190 omnes
1078 4111 1255 4188 manebas
1289 4106 1330 4184 in
1366 4102 1545 4184 divinita·

201 4207 526 4304 „turmariellate
541 4249 563 4304 ,1
586 4212 652 4310 qui
679 4212 824 4294 mundo
850 4210 1063 4326 loquebaris
1089 4232 1136 4286 ex
1163 4207 1399 4288 humanitate
1426 4202 1545 4284 domi·

202 4335 231 4403 3,
259 4331 355 4387 naus
375 4309 672 4396 eizanrelecula
698 4337 744 4394 cx
768 4312 996 4411 diuinitate,
1020 4309 1087 4414 qui
1114 4334 1152 4390 es
1180 4311 1298 4394 homo
1323 4306 1396 4389 sane
1421 4328 1544 4405 pecca·

289 4437 296 4452 ’
1383 4459 1413 4506 e>
1436 4427 1502 4499 ¹⁰2
