3934 5342
496 399 576 461 112
729 372 832 455 Du
892 341 1515 496 Moniirtr'nio't

430 524 659 628 „martyris
684 524 772 602 esset
799 521 976 624 responfir
1003 522 1195 621 cujusdam
1222 524 1386 627 religiosi
1407 520 1546 606 Fratris
1572 521 1772 628 intellexe-

429 684 457 729 ,‚
483 649 591 709 runt.
619 629 711 726 Quo
737 624 933 708 intellecto
959 650 1093 704 omnes
1118 625 1178 704 illi
1203 627 1405 725 Romani,
1441 626 1509 706 nisi
1535 626 1634 706 solut
1670 649 1769 704 unus

315 810 321 823 ,
430 783 457 829 „
484 729 575 807 ilico
600 748 689 806 ante
715 751 850 828 corpus
877 725 912 805 le
939 726 1240 830 prostraverunt,
1266 728 1303 807 8(
1325 729 1361 807 se
1388 728 1595 829 precibus,
1628 726 1671 805 8(
1692 750 1770 804 me·

430 883 458 930 „
483 827 694 908 ritis-illius
721 825 844 907 Sancti
871 826 1052 926 Stephani
1077 826 1198 925 juvari
1224 829 1261 907 8(
1287 828 1419 908 salvari
1442 825 1783 928 expetierunt,‚8c'

430 985 458 1030 „
483 930 585 1031 quod
611 949 816 1032 potuerunt
852 926 988 1029 singuli
1023 929 1280 1009 obtulerunt.
1320 930 1391 1008 llle
1427 949 1554 1010 autem
1576 929 1784 1008 Romanus·

431 1086 460 1130 „
488 1047 586 1110 unut
620 1031 719 1116 solus
745 1030 890 1108 nullam
923 1028 1174 1110 reverentiam
1209 1032 1359 1133 corpori
1395 1031 1522 1112 sancio
1558 1027 1774 1123 exhibuit,

431 1133 589 1231 „nulla
615 1133 764 1212 cultura
789 1131 980 1229 excoluit,
1006 1131 1044 1211 8(
1057 1132 1203 1234 prorsus
1229 1129 1274 1211 de
1297 1157 1453 1234 corpore
1482 1131 1596 1212 fidem
1622 1128 1776 1208 adhibe·

432 1287 461 1331 ‚,
488 1259 527 1311 re
554 1233 718 1330 noluit,
744 1232 869 1333 potius
894 1231 1053 1313 sic'luos
1078 1231 1267 1334 redarguit
1294 1291 1304 1311 .
1338 1234 1454 1314 Stulti
1480 1231 1571 1334 quid
1597 1230 1649 1310 est
1674 1227 1782 1330 quod

432 1387 461 1432 „
486 1333 622 1434 agitis?
648 1334 755 1436 Quid
780 1333 833 1414 est
859 1331 1002 1413 indocti
1028 1334 1118 1437 quid
1144 1333 1301 1415 facitis?
1325 1337 1418 1415 Νοη
1446 1334 1497 1415 est
1523 1331 1619 1412 istud
1640 1354 1706 1411 cor
1732 1353 1779 1409 uu

380 1502 397 1526 „
434 1488 463 1534 „
487 1434 987 1537 SanbliPtothomattyiis,
1013 1437 1137 1516 Rome
1163 1437 1237 1533 est,
1264 1459 1340 1515 non
1367 1436 1418 1515 est
1440 1436 1527 1532 hic,
1554 1457 1674 1548 neque
1702 1355 1779 1509 fuit

434 1589 463 1633 „
488 1534 852 1642 Constantinopoli.
886 1541 1017 1638 Quem
1044 1541 1175 1618 Frater
1200 1538 1266 1617 ille
1291 1563 1426 1646 magne
1453 1535 1690 1642 probitatis,
1726 1531 1776 1609 sic
1836 1571 1839 1578 ’

433 1637 773 1738 „redarguentem
802 1639 1012 1739 redarguit.
1040 1639 1228 1720 Animalia
1255 1639 1398 1737 homo,
1424 1663 1555 1719 caveas
1577 1659 1622 1715 ne
1648 1652 1778 1713 tuate

433 1738 640 1836 „damnet
678 1738 827 1819 indocta
853 1739 1071 1840 simplicitas
1096 1801 1106 1819 .
1145 1742 1232 1821 Hoc
1269 1761 1306 1820 te
1332 1742 1424 1820 scire
1451 1738 1649 1833 sufficiat,
1701 1732 1780 1812 uod

432 1892 461 1937 „
487 1863 705 1919 commonet
731 1841 975 1922 &convincit
1001 1844 1151 1924 credere
1176 1841 1289 1943 ipfius
1311 1842 1481 1922 veritatis
1507 1838 1664 1921 notitia.
1732 1859 1782 1915 oc

433 1993 462 2035 „
487 1941 640 2040 quidem
668 1940 835 2020 scitur&
855 1942 1020 2043 legitur,
1046 1944 1083 2022 8(
1106 1946 1154 2023 ab
1180 1944 1360 2026 omnibus
1385 1942 1551 2024 creditur
1577 1938 1783 2042 quodBeaae

433 2094 461 2137 „
488 2063 547 2119 tus
576 2042 872 2144 Prothomartyi‘
889 2045 1101 2146 Stephanus
1134 2044 1398 2125 Hierosolimit
1434 2041 1603 2125 extiterit
1641 2059 1781 2140 marty·
1879 2137 1882 2142 y

434 2194 462 2239 „
488 2142 938 2256 iioglaureatusprimuc,
964 2145 1234 2225 &sauciorum
1246 2147 1418 2226 omnium
1432 2146 1544 2248 sydus
1570 2140 1782 2234 eximium,

435 2295 462 2337 „
488 2242 525 2320 8(
552 2245 638 2322 inde
664 2245 737 2325 luit
763 2247 841 2343 ejus
866 2273 1002 2347 corpus
1028 2248 1251 2328 translatum
1272 2243 1671 2346 Constantinopolim,
1697 2240 1781 2343 plu·

434 2395 461 2438 „
486 2344 594 2422 rimis
620 2347 785 2426 evolutis
809 2374 996 2428 annorum
1023 2349 1258 2454 temporibus
1284 2349 1376 2430 ficut
1402 2350 1442 2428 in
1470 2347 1581 2450 gestis
1607 2344 1747 2446 legitur
1768 2393 1782 2438 ,

434 2443 525 2559 „⁸85
551 2470 653 2525 nunc
680 2448 757 2526 Dei
784 2448 968 2549 largiente
992 2449 1197 2530 clementia
1224 2452 1392 2530 delatum
1418 2450 1471 2530 est
1492 2451 1568 2528 liuc
1594 2447 1635 2524 in
1658 2446 1779 2522 Vene-

434 2597 461 2639 „
488 2564 605 2643 tiam,
633 2549 737 2647 cujus
765 2548 948 2631 immeriti
975 2550 1135 2632 fruimur
1161 2551 1377 2653 presentia.
1405 2553 1465 2632 Ad
1493 2551 1563 2629 hec
1591 2572 1677 2628 cum
1705 2548 1780 2623 Ro-

434 2697 462 2741 „
488 2671 621 2726 manus
648 2651 769 2750 magis
795 2651 971 2749 instaret,
997 2653 1134 2732 &cum
1161 2653 1296 2733 cundia
1321 2678 1396 2755 que
1422 2653 1643 2731 dicebantur
1669 2642 1780 2723 aDei

434 2798 461 2842 „
487 2747 595 2826 servo
622 2772 808 2850 negaret,
844 2753 971 2831 taliter
993 2755 1124 2833 Frater
1149 2753 1216 2834 ille
1242 2754 1404 2835 dimittit
1430 2754 1717 2855 impugnantem
1744 2746 1782 2822 8(

435 2891 462 2940 ·,,
488 2850 690 2961 veritatem
719 2874 943 2950 negantem.
968 2854 1078 2931 *Vade
1103 2856 1139 2931 8(
1166 2853 1191 2932 si
1219 2854 1230 2932 i
1312 2856 1387 2952 est,
1412 2880 1525 2957 quam
1553 2854 1691 2946 allero,
1718 2870 1784 2924 ve·

436 2998 464 3040 „
491 2970 601 3043 ritas,
630 2952 705 3029 liuc
735 2951 846 3029 hodie
872 2954 999 3031 redeas
1025 2955 1156 3035 diuina
1183 2971 1230 3036 co
1275 2958 1436 3058 pellente
1462 2951 1704 3046 clementia,
1741 2948 1780 3025 8(

435 3097 462 3140 „
489 3044 636 3161 fatearis
658 3051 734 3167 lice
760 3053 830 3130 elle
859 3056 1180 3159 Prothomartyris
1207 3058 1325 3139 totius
1349 3058 1519 3159 corporis
1546 3048 1780 3158 patrocinia,

435 3199 463 3245 „
490 3148 589 3263 uilla
618 3169 673 3228 tui
700 3155 823 3232 cordis
850 3156 988 3234 duritia
1010 3216 1019 3232 .
1047 3158 1154 3258 Quid
1181 3161 1289 3262 plura
1316 3166 1329 3240 i
1366 3158 1531 3240 Ecclelia
1557 3150 1783 3260 cutn‘sociip

331 3319 332 3322 .
437 3300 464 3344 ‚,
491 3252 707 3370 incredulus
730 3255 858 3369 exiit,
885 3259 930 3336 ad
957 3259 1077 3359 ripam
1106 3259 1218 3339 rediit
1244 3317 1257 3360 ‚
1294 3262 1331 3340 8(
1357 3262 1431 3342 suis
1457 3259 1689 3353 illudendo,
1715 3254 1783 3368 ite·

423 3401 465 3445 -„
491 3377 576 3430 rum
604 3379 785 3456 corripit,
805 3354 907 3438 &lic
935 3360 1044 3439 simul
1072 3360 1189 3441 intrat
1217 3362 1387 3443 cumeis
1414 3361 1566 3441 navim.
1593 3357 1657 3437 Est
1678 3376 1783 3435 eruin

437 3503 465 3546 „
493 3452 770 3571 Monasterium
809 3461 905 3537 illud
934 3461 1101 3563 undique
1139 3461 1302 3544 obsitum
1340 3465 1494 3561 matis,
1529 3462 1566 3540 8(
1603 3457 1784 3561 paludum

437 3602 466 3645 „
491 3561 781 3670 amenitatibus.
812 3561 889 3634 Vix
916 3586 1008 3639 vero
1033 3561 1406 3666 navimintraverat,
1432 3566 1469 3643 8(
1496 3562 1619 3642 statim
1647 3579 1785 3661 perter-

439 3673 588 3746 „ritus
619 3656 764 3732 ultione
792 3659 943 3747 divina,
971 3680 1014 3737 ut
1042 3661 1087 3739 de
1101 3664 1189 3741 navi
1213 3665 1310 3742 ‘euin
1339 3665 1557 3761 excutiant,
1583 3686 1678 3742 voce
1697 3681 1785 3759 'gar-

327 3859 332 3866 ἱ
436 3804 463 3848 „
489 3753 572 3829 iula
597 3754 769 3871 clamitat
790 3759 880 3850 ,·&
908 3779 950 3836 ut
978 3786 1066 3841 eum
1094 3765 1141 3841 ad
1169 3789 1303 3867 corpus
1330 3762 1655 3868 Prothomartyris
1683 3757 1781 3839 defe-

437 3904 465 3948 „
491 3878 577 3969 rant
603 3859 853 3973 moribundus
879 3860 1047 3960 flagitat.
1075 3866 1169 3965 Quo
1189 3868 1255 3945 ubi
1278 3867 1363 3947 aliis
1389 3868 1680 3967 sustentantibus
1706 3883 1784 3962 pet·

438 4007 465 4048 „
491 3978 598 4034 venit
624 3980 794 4075 protinus
821 3984 908 4074 ante
936 3989 1071 4065 corpus
1097 3967 1134 4044 se
1161 3966 1353 4066 proiecit,
1389 3971 1426 4047 8(
1452 3995 1577 4049 corani
1606 3964 1786 4046 omnibus

437 4106 465 4149 „
490 4056 671 4138 conicitur
697 4060 792 4155 fuit,
817 4062 914 4139 illud
940 4068 1010 4144 effe
1037 4085 1173 4167 corpus
1200 4069 1306 4148 Bea'ti
1334 4071 1517 4250 Stcsphani
1546 4069 1785 4149 Prothomat·

436 4206 464 4249 „
490 4158 619 4255 tyris,
655 4161 692 4238 8(
716 4162 766 4241 sic
793 4161 986 4245 restitutus
1013 4168 1188 4266 sanitati,
1213 4173 1363 4271 corpori
1406 4172 1516 4250 aneio
1543 4170 1672 4248 laudes
1696 4222 1710 4262 ,
1747 4164 1785 4242 8(

437 4306 465 4350 ,,
491 4282 655 4375 munera
675 4262 811 4341 tribuit
836 4320 849 4361 ,
876 4268 981 4365 eujus
1008 4271 1222 4369 patrocinio
1249 4274 1475 4375 suffragante
1501 4265 1711 4368 adjuvari,
1747 4264 1786 4344 8(

437 4406 465 4450 „
490 4357 639 4441 sanitati
665 4363 889 4467 reintegrari
914 4370 1101 4456 creduido
1128 4371 1289 4455 meruit.
1685 4467 1721 4549 S,

1648 4526 1675 4571 ii
1712 4493 1738 4545 ¹⁶
