3934 5342
475 402 683 495 Sn'ncr1
714 405 957 492 neom-‚11
992 402 1261 499 Mororrsx
1396 429 1474 494 121

195 561 294 644 tanti
321 578 448 642 nutem
468 558 533 638 Cl.
546 557 683 637 Virum
710 582 755 637 ea
780 556 1008 636 documenta
1035 551 1155 632 secisse
1181 551 1381 650 referunt,
1416 574 1461 633 ut
1486 551 1541 655 ip·

193 665 239 745 sts
268 660 471 749 Monacbis
497 657 738 741 audientibus
759 658 976 757 protestatos
996 649 1114 769 suerit
1132 650 1206 768 fibi
1230 647 1420 752 displicere
1444 650 1539 735 talto

191 760 444 865 inscriptiones
464 786 488 839 o
500 762 544 862 st
567 781 654 838 onte
674 784 746 837 non
765 753 1051 857 visos‚s1enrm
1079 753 1168 835 talia
1194 775 1282 834 ante
1308 757 1449 853 nosset,
1473 755 1539 838 ali·

196 884 255 946 ter
280 866 326 944 de
352 865 527 943 Romana
553 859 798 942 translatione
823 855 1034 957 scripsisset.
1062 901 1066 908 ,

206 1003 214 1012 ’
244 966 465 1067 Utcumque
491 977 621 1043 tamen
644 963 692 1041 de
721 960 791 1039 hac
817 982 858 1064 re
885 956 1024 1036 veritas
1050 955 1086 1037 se
1108 953 1270 1052 habeat,
1298 956 1388 1036 novi
1400 959 1540 1040 Roma·

195 1085 285 1144 nam
312 1066 457 1146 Urbem
485 1066 531 1143 de
553 1058 885 1162 Prothomartyrir
910 1055 1063 1158 lipsanis
1090 1056 1270 1160 gloriari,
1295 1059 1432 1161 suaque
1460 1060 1540 1159 jura

195 1166 337 1246 veteris
364 1164 606 1246 monumenti
634 1162 852 1244 testimonio
879 1159 1002 1256 tueri,
1028 1160 1176 1259 quoda
1203 1160 1542 1242 LuccoAtchidia·

194 1291 297 1348 cono
321 1267 576 1368 conscriptum
613 1263 718 1343 luisse
743 1260 910 1342 referunt
943 1260 1211 1339 annotationes
1237 1260 1283 1338 ad
1311 1260 1542 1363 Martyrolo

193 1366 302 1468 gium
329 1367 560 1447 Romanum.
585 1366 632 1445 ad
657 1363 760 1444 diem
785 1392 821 1459 7.
850 1358 981 1471 Maii.
1018 1358 1208 1473 Quamvis
1244 1383 1371 1440 autem
1407 1389 1543 1445 monu·
1664 1373 1671 1384 ‘

191 1489 369 1549 mentum
395 1467 492 1548 illud
518 1491 592 1544 nott
618 1461 763 1543 modico
788 1459 1026 1566 colligatione
1052 1458 1249 1559 redigere,
1275 1461 1381 1542 fassus
1411 1463 1454 1542 fit
1476 1467 1541 1545 Ba·

193 1569 325 1652 tonius
351 1569 393 1649 in
418 1566 738 1662 annotationibus,
754 1563 904 1668 citatio,
931 1580 1059 1643 tamen
1081 1561 1345 1642 nonnionem
1361 1563 1541 1647 sacricor·

247 1669 298 1749 tic
324 1668 513 1771 Byzantio
549 1668 594 1748 ad
623 1669 767 1748 Urbem
797 1666 994 1760 Romam,
1030 1688 1078 1743 ex
1105 1662 1216 1763 ipfius
1251 1663 1325 1743 fide
1361 1661 1540 1747 Romano

195 1695 481 1872 ffiartyrologio
508 1768 699 1866 inseruit,
734 1763 998 1866 Venetamque
1024 1763 1212 1856 exclufit3
1237 1789 1320 1867 quar
1347 1786 1473 1846 tamen
1499 1767 1541 1848 in

196 1871 329 1952 multis
356 1893 439 1952 tum
467 1896 551 1952 msc.
580 1891 662 1950 tum
691 1867 791 1971 typis
817 1865 929 1950 editis
943 1864 1235 1967 Martyrologiic
1254 1864 1457 1967 secuudum
1469 1896 1543 1946 mo·

197 1998 275 2050 rem
300 1979 477 2051 Romano
495 1965 661 2072 Ecclesrae
680 1969 815 2049 inserta
835 1987 936 2063 erat,
961 1988 1005 2048 ut
1032 1967 1162 2048 videre
1189 1966 1241 2044 est
1267 1966 1307 2046 in
1335 1969 1539 2072 antiquissi-

194 2097 261 2151 mo
287 2072 575 2175 Martyrologio
600 2091 668 2152 ms.
705 2070 807 2171 quod
834 2069 957 2147 adhuc
996 2069 1197 2150 asservatur
1235 2066 1275 2145 in
1303 2068 1540 2151 Monallerio

193 2173 254 2252 SS.
277 2173 416 2257 Felicis
441 2175 482 2256 &
506 2171 709 2253 Fortunati
734 2172 780 2253 de
808 2170 1020 2263 Vlcentia3
1057 2170 1094 2249 8(
1128 2167 1273 2252 infalio
1301 2187 1315 2250 t
1347 2170 1402 2274 pis
1437 2172 1543 2254 edito

193 2274 369 2356 Veneriis
394 2276 494 2378 apud
519 2275 805 2377 Hieronymum
830 2272 1132 2375 Cavalcalupunt
1159 2296 1262 2353 anno
1340 2294 1473 2353 otxtv.
1500 2273 1543 2356 in

193 2398 272 2549 guo
297 2376 343 2453 ad
369 2376 471 2457 diem
499 2404 559 2477 25.
585 2376 691 2478 Junii
719 2376 800 2458 hoc
838 2374 1057 2460 habentur:
1096 2385 1203 2455 lttm'
1228 2368 1425 2454 translatio
1449 2384 1542 2453 Son-

232 2470 341 2586 t‘fflmt'
360 2473 482 2575 steph.
504 2499 658 2585 martyr.
685 2474 1083 2585 eConllooto'nopolt'm
1119 2476 1161 2556 t'n
1185 2473 1354 2556 Venerios
1385 2474 1436 2554 od
1462 2484 1542 2554 Mo·

193 2577 394 2675 nostrorum
413 2585 451 2656 S.
471 2586 599 2679 Georg.
621 2578 780 2678 Maioris
805 2610 910 2662 1110.
950 2582 1034 2661 Pati
1060 2603 1211 2682 quoque
1238 2578 1354 2658 modo
1381 2576 1421 2656 in
1453 2576 1538 2656 Bre-

194 2674 318 2753 viario
352 2679 532 2792 llomano
568 2680 614 2759 ad
647 2682 750 2763 diem
786 2706 831 2762 11.
858 2681 1020 2784 Augusti
1057 2679 1220 2784 opposta
1256 2677 1329 2759 suit
1366 2681 1541 2760 Romana

195 2775 437 2871 Troadum,
462 2803 545 2879 quar
566 2799 652 2861 aute
674 2784 710 2862 S.
733 2783 792 2862 Pii
817 2785 862 2861 V.
891 2801 969 2864 tem
1020 2787 1063 2862 ‘a
1085 2808 1163 2862 non
1186 2783 1404 2882 legebatur.

243 2875 388 2956 Verum
415 2878 442 2956 st
467 2879 627 2996 nomine
652 2881 819 2986 norporie
846 2886 860 2985 (
882 2905 924 2965 ut
952 2807 1175 2986 piofunoqoe
1202 2882 1289 3062 fied
1306 2901 1450 2984 partem
1471 2879 1539 2962 ali·

192 2993 312 3094 §toam-
332 3001 500 3080 corporis
536 2982 634 3083 apud
661 2984 697 3063 se
723 2984 917 3086 quiescere
942 2986 1216 3081 contendunt,
1290 2983 1438 3064 omanis
1466 2984 1542 3062 hoc

192 3077 271 3158 ollis
296 3080 561 3182 denegandum
593 3085 664 3164 esso
701 3111 779 3167 non
815 3088 1019 3183 abnuam,
1054 3084 1238 3186 siquidem
1276 3084 1317 3162 in
1344 3082 1540 3186 posteriori

193 3178 463 3282 Translatione
490 3182 582 3263 sacri
608 3187 810 3287 corporis,
845 3212 928 3288 quae
965 3189 1013 3268 de
1040 3186 1128 3265 loco
1154 3185 1200 3265 ad
1227 3186 1356 3265 locum
1385 3181 1426 3263 in
1452 3185 1540 3263 San·

194 3275 245 3358 ni
271 3283 376 3361 Geor
402 3282 429 3361 ii
459 3284 628 3385 Templo
653 3285 800 3388 peradia
836 3286 910 3367 suit
936 3287 949 3383 (
977 3309 1019 3367 ut
1046 3309 1138 3366 mox
1163 3278 1312 3366 dicetur
1337 3284 1352 3383 )
1379 3308 1426 3365 ex
1452 3308 1538 3364 ana·
1666 3351 1673 3360 .

192 3379 334 3462 comica
359 3307 625 3466 ogbservatione
651 3385 786 3468 ollium
812 3408 1054 3505 compertum
1080 3384 1178 3484 suit,
1203 3383 1335 3467 omnia
1360 3384 1437 3465 sere
1464 3384 1540 3464 olla

190 3480 239 3559 ed
260 3483 482 3597 numanum
503 3511 639 3587 corpus
664 3486 874 3589 spodiantia·
901 3515 945 3569 rn
971 3490 1124 3567 Veneto
1151 3505 1404 3567 monumento
1437 3486 1540 3566 asser·

190 3599 276 3660 van
301 3587 677 3686 praenoscendam,
695 3588 734 3667 8<
758 3587 842 3669 occi
898 3610 947 3687 t,
971 3605 1057 3692 quae
1082 3589 1160 3669 duo
1185 3591 1320 3669 Romae
1345 3587 1384 3666 se
1409 3585 1540 3666 vidisse

142 3753 149 3762 .
193 3682 346 3797 tollatur
371 3688 458 3781 est,
494 3688 702 3768 Cornelius
735 3689 851 3790 Marg
881 3690 1034 3785 atinus,
1061 3689 1157 3788 olim
1184 3691 1319 3771 Romae
1345 3687 1541 3784 Sorrina,

142 3857 154 3864 .
193 3781 329 3864 demde
356 3785 396 3865 in
425 3788 660 3870 Monasterio
686 3791 723 3869 S.
743 3790 901 3872 Nicolai
928 3791 973 3870 de
1001 3792 1149 3872 Littore
1171 3793 1322 3871 Abbas.

243 3886 290 3961 In
317 3884 414 3964 tanti
441 3887 628 3991 Martyris
655 3891 943 3972 venerationem
968 3891 1129 3973 solemni
1156 3887 1392 3993 Reipublicae
1404 3890 1543 3969 Decre-

191 4003 235 4061 to
261 3982 442 4064 llatutum
469 3987 573 4086 suit,
609 4010 652 4070 ut
679 3990 772 4068 Dux
799 3991 961 4075 solemni
988 4018 1158 4094 pompa,
1195 4013 1277 4073 tum
1305 3990 1345 4069 in
1372 3987 1544 4071 secundis

192 4084 367 4200 Vesperis
384 4086 620 4201 ‘Natiuitatis
648 4090 864 4173 Dominicae
885 4148 899 4191 ,
924 4112 1010 4172 tum
1037 4095 1078 4173 in
1105 4091 1277 4174 natalitia
1305 4092 1545 4172 Prothomat·

192 4201 289 4296 tyris
315 4184 518 4269 festivitate
543 4191 589 4270 ad
617 4190 714 4270 Divi
740 4190 898 4296 Georgii
923 4192 1132 4275 Ecclesiam
1158 4195 1277 4276 sacras
1301 4193 1457 4273 exuvias
1483 4217 1547 4272 ve·

195 4304 393 4369 notaturus
418 4290 635 4372 accederet.

246 4385 445 4502 Diversum
472 4392 635 4477 omnino
661 4393 766 4479 luisse
793 4395 945 4498 hujusce
972 4398 1131 4480 decretae
1157 4392 1381 4481 visstationir
1397 4390 1547 4476 causam

239 4489 401 4570 asom.
426 4496 524 4577 VIII.
1055 4500 1105 4599 Q
1425 4514 1497 4574 tta·
