3934 5342
536 427 616 510 108
770 420 869 503 Dra
931 421 1500 505 Mouasar-:rro

1601 508 1624 542 l

465 634 492 682 ‚,
518 580 595 655 rab.
622 572 747 652 virum
775 573 930 670 Petrum
942 570 1136 674 Reginum
1162 569 1370 650 Psebanum
1393 572 1692 656 EcclesreSansli
1708 579 1807 680 Apo
1883 661 1886 670 ,

464 675 601 784 „stoli
629 673 837 770 Matthei,
871 673 907 753 8(
935 672 1140 754 Notarium
1167 670 1362 773 publicum
1389 677 1494 755 curie
1522 676 1657 756 Palatii
1684 680 1808 770 Vene-

462 832 490 882 ‚,
516 775 680 874 riarum,
704 774 770 876 qui
796 775 920 856 secum
948 796 1027 854 erat
1053 774 1095 853 in
1121 772 1292 871 jamdisla
1319 774 1431 872 navi,
1456 796 1642 877 quatenus
1661 777 1712 857 sin
1738 783 1805 862 ula

462 878 680 993 „ipsorum
717 875 871 955 nomina
907 874 1153 955 subscriberet
1190 875 1239 955 ad
1262 873 1558 957 confirmandam
1596 806 1803 981 presidatu

461 1032 491 1084 ‚,
516 981 680 1078 rpsorum
708 977 875 1057 scholam
901 1003 944 1056 ac
970 976 1251 1080 fraternitatem¹
1278 976 1534 1059 inhonorem
1562 978 1721 1059 Domini
1748 983 1807 1080 Je-

461 1133 490 1186 „
515 1080 555 1157 su
582 1077 751 1175 Christi,
775 1079 812 1157 8(
838 1075 948 1179 ipsius
975 1077 1296 1178 Prothomartyris
1322 1078 1530 1178 Stephani,
1555 1080 1805 1181 &quodfin-

461 1236 489 1287 „
515 1181 607 1281 gulo
632 1205 781 1282 quoque
808 1205 910 1272 anno
932 1178 977 1264 ⁴in
1004 1176 1095 1259 sesto
1122 1178 1284 1279 ptedlsie
1304 1179 1807 1274 ejusjnventionisarrans.

462 1337 488 1386 ‚,
514 1280 691 1376 lationis,
716 1280 820 1381 quod
844 1279 896 1360 ell
922 1279 1082 1381 septimo
1109 1281 1296 1360 Kalendas
1321 1277 1424 1379 Junii
1451 1280 1602 1360 infimus
1627 1284 1806 1363 conueni-

461 1439 488 1488 ‚,
514 1406 554 1462 re
580 1404 805 1477 teneantur,
830 1382 866 1460 8(
892 1382 1119 1462 charitatem
1147 1382 1246 1460 inter
1270 1382 1306 1464 se
1332 1379 1450 1462 facere
1478 1383 1681 1461 secundum
1703 1386 1807 1484 quod

460 1540 487 1589 ,‚
514 1482 729 1579 voluerint,
756 1482 882 1584 eisque
909 1482 1135 1580 videbitur,
1161 1509 1203 1561 ac
1231 1479 1382 1561 Missam
1454 1511 1478 1561 o
1502 1482 1703 1584 animabus
1729 1485 1805 1564 suis

459 1583 655 1689 „cantari
681 1585 802 1664 facete
838 1583 1093 1664 inhonorem
1122 1583 1229 1677 Dei,
1266 1583 1302 1663 8(
1328 1583 1400 1662 San
1442 1583 1455 1662 i
1481 1583 1805 1685 Prothomartyris

457 1743 489 1794 ‚,
510 1681 718 1786 Stephani.
742 1687 827 1764 Nec
854 1710 930 1764 non
958 1687 1061 1785 quod
1089 1684 1128 1761 in
1156 1683 1681 1787 dieKasendarum‘cujusque
1701 1713 1804 1765 men·

455 1845 485 1890 ‚,
509 1784 554 1865 sis
581 1807 780 1866 teneantur
806 1786 896 1865 duas
924 1786 1059 1865 Missas
1080 1785 1264 1865 celebrari
1291 1784 1444 1885 facere,
1470 1788 1627 1866 alteram
1656 1813 1722 1887 pro
1751 1788 1805 1864 vi-

458 1947 488 1990 „
512 1889 593 1984 vis,
620 1887 839 1967 &alteram
866 1912 934 1989 pro
960 1885 1161 1966 desunslis.
1190 1888 1345 1986 Insuper
1386 1889 1638 1989 quodquam
1666 1887 1809 1986 aliquis·

457 2046 488 2091 „
508 2012 558 2067 ex
586 1987 724 2089 prefate
752 1988 763 2066 i
793 1989 917 2067 sorum
944 1987 1189 2068 fraternitatis
1217 1943 1372 2068 &sens

375 2129 379 2136 ¹
456 2148 489 2194 ‚,
511 2110 710 2169 teneantur
735 2014 791 2167 ad
807 2088 997 2190 primum,
1024 2089 1225 2205 septimum
1253 2112 1297 2169 ac
1324 2085 1585 2185 tricastinum,
1602 2115 1697 2168 -cum
1725 2089 1802 2168 suis

297 2279 300 2288 ¹
374 2241 378 2246 ·
455 2247 484 2295 „
507 2189 625 2269 cereis
640 2171 688 2270 8(
714 2191 884 2292 pecuniis
910 2191 972 2269 seu
999 2192 1191 2287 danatus,
1210 2191 1290 2287 eius
1315 2190 1489 2307 sepulcro·
1512 2181 1697 2291 presentes
1712 2189 1802 2268 assi·

455 2348 485 2394 ‚,
508 2290 631 2370 stete.
669 2292 754 2372 Post
780 2292 851 2387 hec
877 2314 1005 2371 autem
1033 2293 1163 2370 dantes
1191 2292 1277 2396 uela
1314 2314 1438 2371 ventas
1475 2292 1804 2398 tranquillumque

454 2450 481 2493 „
508 2415 611 2473 mare
638 2393 854 2490 sulcantes,
891 2389 1042 2476 brente
1070 2393 1244 2472 Domino
1271 2418 1313 2473 ae
1341 2394 1460 2473 Beato
1487 2395 1804 2498 Protbomartyte

452 2551 481 2594 „
506 2493 724 2594 Stephano,
747 2495 797 2575 ad
822 2495 969 2574 Venere
998 2495 1148 2574 tandem
1177 2493 1281 2573 urbis
1308 2494 1438 2573 littora
1464 2491 1567 2574 felici
1588 2491 1798 2594 nauigatio·

452 2621 553 2698 „ne
580 2596 805 2696 perveniunt
827 2655 840 2675 .
872 2596 1084 2698 Statimque
1122 2595 1236 2690 missas
1262 2596 1307 2673 ad
1335 2596 1486 2676 Ducem
1505 2595 1552 2686 8(
1578 2597 1757 2674 Senatum
1786 2648 1805 2689 ,

450 2703 478 2795 ⁸„
505 2696 650 2800 nuntiis
677 2698 802 2779 secum
829 2697 1022 2778 declarant
1049 2697 1165 2778 adesse
1185 2723 1321 2796 corpus
1341 2693 1546 2776 Beatissimi
1560 2697 1800 2776 Prothomat-

450 2852 477 2898 „
504 2799 599 2897 tyris
624 2799 832 2900 Stephani,
858 2822 935 2900 quo
962 2821 1117 2902 accepto
1140 2798 1278 2885 nuntio
1305 2799 1480 2877 exultant
1507 2824 1640 2878 omnes
1667 2796 1823 2890 inD07'

451 2953 477 2997 „
504 2899 638 2994 mino,
662 2900 778 3000 sitque
806 2900 988 3001 gaudium
1003 2901 1051 2979 in
1075 2900 1247 2978 universa
1271 2899 1405 2998 plebe,-
1431 2926 1475 2979 ac
1498 2899 1638 3006 para-ris,
1664 2895 1801 2977 solem·

394 3072 398 3078 .
449 3054 479 3099 „
504 2998 602 3078 niter
625 3003 785 3082 navibus
806 3001 944 3081 alacres
965 3027 1009 3081 ac
1031 3001 1160 3080 devoti
1184 2999 1300 3079 Beato
1320 3001 1468 3102 corpori
1491 3019 1716 3096 occurrunt.
1744 2997 1801 3073 Et

449 3156 478 3198 „
504 3125 590 3180 ecce
608 3101 803 3204 inprimis
824 3104 994 3204 inclytus
1027 3104 1063 3182 8(
1085 3102 1269 3205 gloriosus
1289 3102 1382 3182 Dux
1405 3101 1643 3208 Ordelaphus
1667 3099 1799 3212 Phalef

414 3270 416 3273 .
447 3213 474 3301 ‚‘,
501 3202 588 3281 dtus
612 3203 668 3283 vit
690 3206 977 3306 magnanimus,
1002 3206 1162 3285 devotus
1182 3259 1199 3299 ,
1221 3230 1264 3286 ac
1284 3202 1622 3305 prudentissimus,
1650 3200 1798 3297 juvenis

448 3359 475 3403 ,‚
502 3303 654 3403 quidem
679 3330 803 3403 etate,
830 3309 891 3385 sed
913 3305 1027 3388 sen'er
1050 3307 1251 3386 motibus.
1291 3306 1391 3384 Ecce
1413 3305 1633 3405 &Ioannes
1657 3297 1801 3382 Grado·
1899 3365 1903 3372 .

446 3461 474 3502 „
497 3406 610 3486 'nicus
630 3407 826 3488 Gradensrs
850 3407 1065 3488 Patriarcha
1089 3407 1280 3487 honestate
1303 3409 1495 3504 decoras,
1522 3402 1700 3506 sapientia
1727 3398 1797 3478 ful·

446 3562 473 3602 „
499 3506 641 3605 gidus.
678 3510 776 3614 Eece
799 3511 832 3586 E
863 3509 976 3607 iscopi
997 3536 1131 3608 omnes
1154 3510 1272 3588 totius
1295 3505 1563 3611 Metropolis,
1595 3501 1800 3616 omnisque
1898 3563 1915 3584 a

446 3663 472 3704 „
499 3607 655 3688 clerus,
689 3608 790 3689 Ecce
850 3611 976 3696 enarre
1001 3611 1182 3689 Primates
1214 3607 1447 3710 cunslus‘que
1479 3608 1639 3712 populus
1665 3627 1796 3718 navam

430 3733 476 3804 ’„
502 3707 640 3787 devote
673 3736 760 3789 cum
796 3707 952 3811 hymnis
973 3709 1010 3792 8(
1033 3711 1208 3792 laudibus
1235 3707 1441 3810 suscipiunt
1463 3723 1482 3787 .“
1512 3710 1639 3789 Poslea
1666 3723 1798 3818 navam

446 3865 475 3918 „
500 3809 745 3894 ascendentes
763 3809 920 3913 ipsemet
947 3814 1048 3902 Dux·
1063 3813 1240 3913 capsam,
1262 3812 1302 3889 in
1322 3837 1395 3912 qua
1418 3832 1498 3890 erat
1520 3831 1677 3912 corpus,
1706 3807 1798 3886 tulrt

445 3966 475 4013 „
502 3908 740 4011 fingultrrosis
760 3914 999 4014 amplexibus
1020 3970 1037 4010 ,
1060 3916 1095 3992 8
1116 3917 1163 3994 ab
1186 3940 1232 3992 eo
1253 3914 1292 3990 in
1315 3911 1401 3990 navi
1425 3914 1523 4009 sua,
1549 3938 1623 4014 qua
1645 3911 1806 4019 iverat,

440 4066 472 4118 ,‚
499 4012 739 4113 deponitur,
766 4016 932 4118 undique
956 4015 1218 4096 resonantibus
1242 4016 1480 4116 hymnorum
1500 4014 1691 4096 vocibus.
1731 4008 1801 4088 Dr·

444 4168 472 4210 „
500 4113 685 4213 sposucrat
710 4144 873 4218 namque
897 4121 990 4198 Dux
1012 4115 1283 4195 Issuslriffrmus
1315 4116 1355 4194 in
1376 4115 1544 4196 Ecclesia
1560 4113 1673 4220 *Beati
1696 4111 1802 4189 Mat·

370 4217 374 4223 ’
444 4267 472 4310 ,,
497 4214 532 4292 ci
558 4219 729 4314 Apostoli
752 4220 790 4299 8(
812 4215 1052 4320 Evangelisle
1087 4219 1140 4295 sui
1167 4221 1339 4296 Ducatus
1359 4218 1555 4316 Capella,
1581 4238 1678 4302 eum*
1704 4211 1802 4290 loca·

441 4370 471 4421 „
497 4340 574 4410 re,
611 4318 647 4396 8(
696 4319 836 4399 timum
872 4341 1079 4420 martyrem
1104 4319 1369 4398 sansliffimum
1405 4318 1642 4418 Stephanum
1674 4313 1801 4415 primo

453 4469 480 4514 „
507 4345 749 4522 Euangelisle
782 4419 956 4507 associate
979 4478 988 4502 .
1014 4422 1431 4520 [Sacramentotamen
1452 4418 1557 4520 illo,
1593 4416 1708 4596 quaidl
1722 4411 1803 4494 No
1949 4451 1950 4482 ÷

883 4585 887 4590 .
1616 4572 1642 4617 „
1683 4541 1750 4595 res
1901 4542 1904 4545 ’
1949 4545 1950 4552 ¹

1372 1990 1407 2066 le
1428 1989 1611 2069 'fratribus
1631 1987 1807 2088 obierit,
1921 2011 1923 2018 ’
