3934 5342
443 380 651 470 Srncrr
685 380 924 465 G'toncrr
959 377 1228 472 Matotrs.
1364 403 1445 488 ¹13

184 565 190 572 ·
223 542 257 635 ς,
281 534 396 636 Signa
421 557 498 612 uon
525 528 734 628 destnunt,
760 525 929 633 prodigia
954 529 1096 610 cotidie
1122 531 1167 610 ad
1193 528 1353 630 gloriam
1379 531 1506 613 §aaut

179 690 209 735 „
235 632 747 734 ProthomattyrisStephani
773 633 964 727 crescunt,
990 630 1084 709 &ad
1106 631 1345 730 laudemeius
1366 633 1506 713 cotidie

181 790 210 833 „
235 737 414 814 miracula
440 734 710 828 crebrescunt,
745 758 819 833 que
844 730 1080 810 audientium
1108 751 1253 811 mentes
1287 733 1507 812 admirando

178 889 209 932 „
235 836 427 914 tabescunt
449 889 463 930 ,
488 836 525 912 8(
555 836 601 912 ad
627 831 750 912 Sandis
777 856 944 911 amorem
971 831 1237 914 vehementius
1262 829 1473 913 servescnnt
1499 890 1510 911 .

180 989 209 1033 „
234 936 322 1014 Fuit
358 935 462 1012 enirn
488 936 647 1036 quedam
684 932 822 1012 mulier
843 932 1067 1034 paupercula
1104 932 1231 1012 vetula
1267 934 1427 1013 abocula
1463 936 1511 1013 ab

179 1035 312 1138 „ipsa
334 1035 535 1116 nativitate
560 1035 623 1113 sua
648 1058 759 1128 ceca,
785 1033 906 1113 oculis
930 1033 1035 1130 eujus
1062 1058 1131 1114 trec
1153 1032 1305 1135 aliquod
1332 1032 1513 1113 inditium

182 1135 464 1237 „pupillarum
491 1139 539 1214 ab
566 1137 647 1214 ullo
673 1134 894 1240 mortalium
920 1134 1078 1214 discerni
1106 1154 1273 1236 poterat,
1298 1159 1373 1233 que
1398 1134 1514 1213 etiam

182 1237 431 1333 „nonnullis
459 1235 731 1315 Veneticotum
759 1255 848 1313 nota
870 1255 979 1315 erat.
1016 1235 1101 1314 Hec
1137 1235 1241 1315 enim
1269 1235 1412 1336 semper
1447 1233 1516 1312 nist

183 1389 212 1434 ,‚
236 1361 324 1415 cum
350 1338 416 1414 suo
444 1338 636 1434 produce,
655 1335 837 1449 qnoniam
864 1334 919 1415 ire
946 1361 1024 1414 non
1052 1355 1223 1435 poterat,
1248 1335 1285 1413 8(
1311 1335 1398 1436 qula
1425 1335 1518 1414 sern-

183 1488 212 1533 „
238 1461 302 1536 per
327 1437 544 1515 mendicans
571 1443 716 1536 prorsus
742 1438 876 1536 egebat
903 1435 944 1514 in
971 1435 1125 1526 transttu
1154 1436 1355 1514 hominum
1382 1434 1519 1518 aliidue

183 1589 211 1633 „
236 1537 408 1633 sedebat,
433 1537 470 1614 8(
495 1562 517 1613 a
543 1537 820 1615 transeuntibus
849 1536 1117 1615 helemosrnant
1150 1535 1326 1636 exigebat
1353 1592 1362 1612 .
1400 1534 1471 1614 ttta
1497 1561 1519 1614 a

177 1687 214 1733 ·„
239 1637 305 1714 suo
331 1634 551 1738 produdiote
579 1638 623 1714 ad
653 1635 926 1714 Monaslerium
953 1635 1079 1715 Sanni
1096 1636 1296 1738 Georgii,
1322 1635 1413 1716 srcut
1440 1637 1521 1714 soli·

186 1790 214 1835 „
239 1759 277 1816 ta
302 1759 405 1832 erat,
430 1737 615 1831 ducitur,
642 1736 708 1814 ubi
736 1736 1016 1815 refocillabatur
1037 1761 1124 1815 cum
1153 1735 1327 1838 plurimis
1355 1736 1520 1837 pauperi·

187 1889 214 1933 „
241 1840 308 1916 bus
327 1836 434 1931 aliis,
461 1836 700 1916 helemosinis
721 1838 915 1915 reservatis
927 1837 967 1914 in
995 1837 1120 1916 mensa
1148 1836 1392 1926 aFratribum
1421 1840 1523 1938 Qua-

187 1990 215 2033 „
240 1938 325 2016 dam
352 1940 477 2037 itaque
504 1939 597 2034 die,
623 1938 694 2016 hec
720 1938 874 2016 audiens
901 1939 1129 2038 populorum
1149 1937 1346 2037 strepitum
1374 1938 1523 2037 rogavit

185 2090 216 2133 „
240 2037 348 2116 suurn
377 2038 543 2135 bajulum
565 2094 578 2134 ,
604 2060 646 2116 ut
673 2064 757 2118 earn
784 2039 935 2118 duceret
962 2058 1050 2117 ante
1072 2037 1177 2116 beati
1201 2038 1524 2136 Prothomtrtyris

188 2190 215 2232 „
241 2138 422 2238 Stephani
443 2140 636 2218 loculum.
664 2138 770 2238 Quid
796 2139 1005 2218 immoror?
1031 2140 1084 2218 Ut
1112 2137 1360 2239 pullulaverat
1382 2137 1525 2238 perfici·

184 2290 214 2332 „
238 2258 300 2315 tur
329 2239 474 2340 semper
499 2265 587 2318 ceca
621 2265 688 2339 pro
709 2240 794 2318 luce
824 2239 1006 2342 possidens
1038 2242 1245 2334 tenebras,
1280 2259 1368 2317 ante
1390 2263 1524 2339 corpus

184 2391 216 2433 „
241 2338 413 2417 ducitur.
439 2340 519 2418 Ubi
546 2365 633 2418 cum
661 2339 825 2418 orationi
853 2340 889 2418 se
916 2338 1102 2438 dedisset,
1127 2340 1165 2417 8(
1191 2362 1279 2418 cum
1302 2339 1433 2419 orandi
1458 2338 1526 2416 ali·

189 2440 468 2538 „quantulum
495 2467 618 2520 moras
639 2441 901 2543 protendisset,
927 2440 1085 2519 surrexit
1113 2440 1279 2536 videns,
1314 2440 1387 2536 jam
1417 2438 1526 2517 nullo

187 2592 217 2634 „
242 2541 403 2636 preduce
423 2541 504 2618 indi
533 2568 632 2637 ens,
668 2541 704 2617 di
735 2566 799 2621 nas
827 2543 913 2620 Deo
947 2542 987 2619 8(
1015 2538 1317 2639 prothomartyri
1340 2540 1406 2618 suo
1436 2540 1527 2616 San·

190 2692 217 2735 „
241 2638 401 2719 slisstmo
422 2567 613 2742 Stepirano
640 2567 767 2721 lanies
793 2667 920 2723 corant
947 2640 1092 2721 cundiis
1118 2641 1173 2720 ibi
1199 2637 1404 2720 astantibus
1425 2637 1530 2718 exhi·
1621 2643 1625 2652 '

190 2791 220 2834 „
248 2741 340 2818 bens
360 2796 373 2836 ,
409 2742 462 2818 ita
489 2744 648 2822 dicens:
686 2744 787 2823 Ecce
808 2768 881 2844 que
902 2743 1046 2842 semper
1067 2766 1154 2820 ceca
1180 2739 1235 2818 sui
1259 2740 1529 2819 nonnullisert

191 2892 219 2936 „
244 2841 352 2918 vobis
378 2841 466 2919 inde
504 2844 658 2922 testibus
685 2842 940 2922 martoniaco
977 2841 1088 2940 hujus
1114 2842 1219 2921 Beati
1250 2840 1531 2938 l’rothomarty·

191 2992 218 3036 „
242 2939 293 3018 ris
320 2942 464 3020 tneritis
490 2942 798 3050 suffragantibusr
1615 3001 1618 3006 <

239 3093 267 3135 „
293 3042 379 3120 Ner
405 3043 499 3121 istud
526 3043 674 3123 silentio
700 3045 752 3124 est
775 3047 1008 3147 tegendum,
1035 3046 1096 3126 sed
1122 3045 1235 3148 digna
1258 3043 1367 3124 laude
1394 3039 1445 3122 est
1473 3065 1526 3121 re

195 3195 223 3237 ,‚
247 3139 469 3239 ferendum,
493 3147 594 3246 quod
621 3145 780 3324 {stadam
808 3148 900 3242 die,
925 3148 1000 3225 dne
1027 3147 1204 3226 muheres
1224 3146 1396 3226 cruribus
1423 3142 1532 3222 utris·

193 3295 221 3338 „
244 3267 319 3419 yue
332 3246 475 3341 prorsus
497 3268 627 3325 contra
694 3301 708 3342 ,
734 3250 910 3326 manibus
931 3247 966 3326 se
989 3267 1198 3347 reptantes,
1225 3246 1534 3347 presentaverunt

193 3396 223 3439 „
263 3369 283 3420 e
310 3339 534 3424 Sandlissirni
563 3348 884 3449 prothomartyris
910 3347 1077 3448 corporis
1105 3346 1318 3446 presentie.
1345 3341 1438 3444 Quo
1466 3341 1534 3421 ubi

194 3496 222 3540 ‚,
250 3467 526 3543 pervenerunt,
553 3449 677 3527 ursui
705 3450 935 3544 miseretur,
961 3447 1134 3548 precibus
1159 3458 1182 3544 ,‘
1207 3446 1244 3525 8(
1271 3442 1449 3543 lacrymis
1472 3463 1531 3520 ett-

202 3596 230 3640 „
252 3544 465 3643 petierunt,
490 3548 596 3626 &ut
622 3547 773 3628 sanitati
801 3549 1068 3643 redderentur,
1094 3571 1230 3649 magna
1253 3570 1346 3625 voce
1375 3542 1534 3622 Protho·
1586 3569 1596 3584 ³

195 3700 223 3743 „
248 3646 407 3746 martyri
444 3647 776 3747 imploraverunt,
812 3650 849 3729 8(
877 3648 924 3728 stc
956 3669 1153 3740 exorantes
1180 3647 1217 3725 8(
1243 3647 1379 3726 devota
1405 3663 1536 3723 urente

194 3799 223 3843 „
248 3743 493 3847 implorantes
519 3748 560 3826 in
573 3750 750 3830 Santram
765 3750 841 3828 Dei
869 3750 924 3828 nil
945 3751 1179 3849 desperantes
1205 3741 1536 3850 pavimentoquast

195 3899 227 3942 „
250 3870 315 3946 per
342 3847 476 3925 horam
501 3850 745 3930 adheserunt.
776 3847 848 3930 His
874 3850 993 3950 igitur
1004 3849 1052 3930 stc
1078 3849 1279 3951 agentibus
1300 3846 1436 3925 sanitas
1456 3842 1535 3922 red·

197 3999 227 4044 „
251 3945 379 4040 ditur,
404 3949 547 4029 condis
569 3952 634 4051 qui
659 3953 811 4031 aderant
840 3951 920 4031 viso
947 3951 1132 4031 miraculo
1158 3948 1449 4029 exultantibus.
1476 3943 1537 4021 Sa·

197 4101 225 4144 „
250 4068 338 4126 nate
364 4069 491 4126 autem
515 4053 692 4131 mulieres
715 4054 789 4131 lete
814 4053 850 4129 se
885 4072 1122 4147 erexerunt,
1157 4052 1195 4130 8t
1222 4072 1264 4129 ut
1301 4045 1540 4128 ostenderent

200 4199 227 4246 „
252 4149 288 4228 se
309 4169 457 4230 curatas
482 4153 591 4251 esse,
628 4153 702 4231 huc
729 4152 895 4253 illucque
921 4152 1174 4232 discurrerunt
1200 4205 1215 4247 ,
1251 4149 1287 4229 8(
1314 4174 1381 4249 pro
1407 4146 1541 4245 adepta

202 4299 230 4343 „
256 4249 413 4329 sanitate
433 4252 572 4330 Deum
599 4252 970 4353 magnificaverunt,
1005 4253 1042 4332 8(
1069 4253 1227 4332 beatum
1256 4249 1539 4344 Prothomarty·

170 4434 173 4440 ,
203 4373 336 4442 „rem
363 4352 597 4452 Stephanum
624 4353 957 4456 glorificaverunt.

231 4503 236 4524 .
305 4455 412 4528 Tam.
430 4457 527 4532 Vtrt.
1050 4454 1079 4531 P
1381 4498 1411 4543 „
1435 4441 1494 4522 nd
