3934 5342
518 399 603 486 104
749 371 851 455 Da
910 368 1489 456 Mouasran1o

454 580 483 627 „
506 526 640 621 fierit,
676 544 778 602 nunc
804 519 1008 601 dicendum
1034 520 1118 618 est,
1153 520 1345 624 quomodo
1380 519 1479 602 illud
1513 516 1560 600 iu
1582 519 1790 604 Veneriam

455 682 483 730 ’⁷
504 625 761 825 gessdhilrddris
796 743 889 803 tunc
926 721 1098 824 pabiione
1122 721 1314 812 Monacbi
1340 720 1519 825 perabia,
1554 745 1667 824 quarn
1684 749 1786 806 :curn

452 879 481 928 „
504 825 658 907 custode
681 823 903 941 pepigerat,
926 824 1087 941 quedam
1112 824 1221 904 navis
1246 849 1325 904 non
1352 844 1473 941 preter
1499 822 1653 903 sobitum
1679 826 1788 905 Con·

452 980 481 1029 „
506 927 787 1045 hantinopolrm
813 945 970 1024 rverat,
1005 949 1047 1042 tn
1072 949 1145 1027 qua
1170 944 1250 1004 erat
1276 927 1549 1006 Venerrcotum
1575 924 1791 1023 nobilitas,
1814 1017 1820 1030 ‚
1947 931 1948 944 '

453 1053 687 1130 „Juvenum
713 1026 921 1124 amenitas,
946 1049 1030 1108 aun
1054 1025 1203 1128 argenti
1226 1025 1460 1128 aliarumque
1527 1025 1788 1105 'ciosarumdi

452 1183 481 1229 „
508 1130 686 1210 vitianum
705 1128 917 1208 affluentia.
943 1128 1050 1207 Cum
1076 1151 1168 1210 vero
1192 1126 1266 1206 viri
1294 1127 1401 1209 navis
1426 1152 1466 1208 rc
1504 1152 1587 1207 ores
1606 1126 1791 1229 paraties·

452 1284 480 1330 „
506 1231 585 1311 sent
610 1232 656 1311 ad
681 1229 844 1311 reditum
866 1227 1086 1310 Monachus
1116 1228 1261 1332 perexit
1288 1230 1334 1308 ad
1366 1229 1619 1326 nauclerum,
1651 1252 1789 1329 rogans

454 1385 482 1432 „
508 1354 551 1413 ιιι
577 1332 619 1412 in
645 1331 736 1411 navi
760 1329 961 1433 susciperet
988 1330 1123 1429 illum,
1148 1328 1279 1413 &hoc
1300 1329 1401 1409 idem
1427 1329 1623 1409 intimavit
1644 1327 1790 1414 curuis

451 1487 480 1533 „
507 1433 614 1514 navis
639 1432 899 1529 consortibus,
925 1430 1091 1533 virisque
1112 1430 1340 1527 nobilibus,
1375 1431 1531 1510 afferens
1545 1430 1705 1512 [evelle
1730 1429 1789 1528 vi·

452 1590 481 1633 „
505 1533 611 1613 fitate
632 1535 740 1614 suum
763 1531 1061 1613 Monastctium.
1085 1531 1203 1633 Quod
1222 1531 1434 1611 naucietius
1453 1532 1492 1611 u
1511 1531 1591 1630 ejus
1610 1528 1791 1612 consortii

451 1688 480 1734 „
504 1635 655 1752 quando
680 1634 880 1714 audierunt
904 1633 994 1713 inde
1021 1634 1159 1713 alacres
1184 1632 1292 1712 illico
1317 1633 1667 1730 consensurum&
1688 1654 1792 1733 roga-

450 1787 479 1835 „
505 1755 537 1815 tr
556 1738 593 1815 se
614 1756 837 1837 rogantem,
862 1733 992 1814 navim
1019 1734 1161 1813 intrare
1186 1754 1446 1836 rogaverunt.
1473 1743 1574 1814 Nam
1595 1737 1643 1814 ab
1664 1732 1787 1812 omni·

450 1890 479 1936 „
504 1840 575 1917 bus
593 1837 845 1939 diligebatur,
869 1835 907 1917 8ι
927 1837 976 1915 ab
996 1835 1177 1916 omnibus
1193 1834 1293 1938 quast
1314 1857 1419 1938 pater
1430 1836 1651 1932 tenebatur,
1675 1857 1790 1937 quem

451 1990 480 2035 „
506 1938 632 2018 cunni
657 1936 858 2019 caritativo
883 1934 1020 2042 affeciu
1047 1939 1352 2044 venerabantur.
1390 1939 1493 2018 Nam
1514 1937 1642 2038 itaque
1662 1934 1790 2038 acqui·

450 2091 479 2137 „
503 2033 569 2119 sita
595 2039 788 2119 vehuntur
813 2039 855 2118 in
880 2037 1009 2117 navim
1025 2037 1211 2118 Monachi
1237 2039 1390 2134 amnia,
1416 2038 1562 2118 &inter
1582 2057 1706 2118 cetera
1721 2059 1790 2118 ve·

452 2187 480 2239 „
507 2140 612 2219 hitur
638 2141 776 2220 arcella
806 2137 961 2221 funibus
990 2142 1227 2242 summopere
1248 2139 1545 2242 circumligata,
1570 2138 1790 2220 &circum-
1874 2163 1881 2176 ’

452 2293 481 2338 ,,
505 2239 649 2339 strida,
675 2242 776 2342 quod
801 2236 941 2320 fabium
967 2240 1189 2322 credebatur
1213 2244 1264 2321 ob
1282 2241 1502 2321 divitiatum
1521 2240 1694 2345 copiam,
1719 2237 1790 2319 ubi

452 2393 481 2438 „
506 2355 641 2447 corpus
661 2342 768 2422 Beati
799 2341 981 2458 Stephani
1003 2363 1113 2423 erar.
1151 2344 1202 2421 Et
1221 2367 1310 2422 vere
1341 2343 1396 2425 ibi
1426 2344 1563 2424 divitie
1591 2345 1788 2437 latebant,

452 2495 480 2539 „
504 2469 616 2544 quarn
640 2443 793 2524 divitias
813 2443 923 2541 hujus
950 2443 1085 2524 mundi
1106 2445 1391 2546 precellehant.
1417 2449 1508 2548 Que
1533 2443 1671 2525 arcella
1701 2466 1792 2522 cum

452 2594 481 2639 „
506 2545 716 2626 vehebatur
735 2546 803 2624 virt
823 2571 846 2624 a
865 2544 1034 2724 quintfue
1058 2547 1278 2626 hominibus
1296 2570 1518 2649 magnarum
1547 2545 1688 2624 virium
1710 2566 1791 2645 por·

451 2697 480 2742 „
504 2647 677 2745 tabatur,
702 2649 803 2727 unde
823 2645 968 2725 miracu
986 2671 1051 2726 um
1073 2648 1187 2747 digne
1208 2668 1383 2727 noratur.
1410 2646 1629 2728 Monachus
1654 2645 1792 2822 quippe

452 2775 482 2842 3,
506 2748 656 2926 {mando
683 2772 818 2850 corpus
845 2746 1029 2844 abstulit,
1059 2749 1143 2849 ipse
1162 2749 1428 2846 solusdenex',
1462 2749 1643 2850 senioque
1662 2771 1736 2825 con
1752 2771 1789 2824 e·

418 2948 421 2956 ἲ
454 2898 482 2941 „
546 2873 613 2944 us,
638 2847 892 2950 capsamcum
915 2869 1076 2950 corpora·
1100 2851 1149 2930 ab
1171 2848 1335 2934 aceresia
1368 2875 1484 2952 usque
1502 2850 1660 2930 domum
1686 2850 1792 2926 suam

453 2997 482 3042 „
507 2947 645 3028 detulit
668 2999 681 3044 ,
713 2949 829 3028 &nil
850 2947 957 3028 senfit
978 2949 1103 3030 oneris
1130 2976 1219 3030 cum
1252 2950 1365 3032 fuerit
1387 2952 1551 3054 portanti
1579 2948 1790 3053 plurimum

442 3081 481 3144 ·„
508 3047 679 3144 itineris,
704 3050 741 3127 8(
761 3071 853 3129 tunc
872 3049 1011 3130 arcella
1033 3051 1098 3131 illa
1119 3078 1203 3131 non
1221 3051 1297 3131 stne
1318 3053 1423 3153 gravi
1436 3055 1563 3133 labore
1576 3047 1790 3151 viraquin·

439 3180 481 3245 ·,‚
506 3174 580 3249 que
606 3149 699 3229 viris
726 3150 850 3251 potuit
875 3150 917 3231 in
944 3151 1075 3231 navim
1102 3152 1258 3233 deferri.
1285 3155 1324 3233 0
1349 3176 1487 3256 quanta
1513 3154 1587 3251 est,
1612 3154 1794 3246 Fratres,

452 3300 491 3348 „
517 3249 595 3328 Dei
622 3252 826 3351 porentia,
886 3252 926 3331 ui
952 3252 1006 3334 est
1032 3254 1218 3335 mirabilis
1243 3250 1285 3334 in
1312 3256 1455 3337 Sandis
1480 3256 1577 3353 suis,
1601 3253 1668 3356 qui
1692 3251 1792 3331 solus

449 3401 479 3447 „
504 3350 593 3431 facit
620 3354 832 3434 mirabilia.
916 3377 1057 3454 quanta
1084 3358 1171 3436 sunt
1197 3355 1317 3455 hujus·
1335 3356 1656 3458 Prothomartyris
1681 3351 1792 3432 meri·

436 3483 479 3546 ¹„
504 3471 573 3530 ra.
614 3455 743 3532 Potuit
769 3477 866 3535 unus
891 3454 1111 3536 Monachus
1139 3459 1213 3555 iam
1238 3457 1450 3560 decrepitus
1475 3459 1514 3539 id
1542 3465 1688 3558 patrare
1714 3453 1792 3532 stne

450 3591 477 3646 „
504 3553 585 3629 ullo
611 3556 798 3651 pondere,
822 3558 925 3655 quod
952 3558 1025 3635 viri
1051 3558 1143 3658 quin
1171 3581 1219 3637 uc
1247 3558 1312 3637 vix
1339 3580 1544 3660 potuerunt
1570 3559 1689 3653 serre,
1715 3578 1793 3634 ma·

436 3685 478 3746 ·„
503 3676 580 3752 gno
607 3655 722 3730 eriam
749 3654 897 3754 fatigati
923 3683 1038 3738 onere
1063 3671 1072 3740 ι
1100 3585 1296 3759 Pdhquam
1324 3660 1451 3739 navim
1481 3660 1627 3763 magnis
1644 3653 1791 3737 divitiis

448 3801 477 3846 „
503 3774 757 3834 oneraverunt
783 3757 963 3852 consortii
991 3786 1124 3839 omnes
1136 3760 1262 3840 navim
1276 3760 1537 3859 intraverunt,
1563 3764 1689 3842 senem
1704 3756 1791 3835 Mo·

420 3879 477 3948 ¹„
503 3855 702 3951 nachum,
728 3875 770 3934 ut
797 3857 954 3938 intraret
983 3860 1193 3959 juverunt,
1227 3862 1265 3940 8<
1290 3864 1379 3962 quia
1407 3884 1543 3943 ventus
1564 3883 1644 3942 erat
1666 3858 1790 3938 secun·
1878 3917 1882 3928 .

448 4004 475 4047 „
501 3956 594 4051 dus,
619 3956 704 4072 vela
726 3957 1041 4058 sublevaverunt,
1067 3962 1104 4041 8<
1130 3963 1203 4041 iter
1227 3989 1337 4062 agere
1363 3986 1569 4065 ceperunt,
1595 3963 1709 4064 &per
1729 3955 1794 4072 ali·

447 4103 475 4147 „
500 4077 594 4154 quot
629 4058 708 4136 dies
746 4060 841 4139 velis
866 4063 1092 4143 ducentibus
1127 4065 1295 4143 maleum
1329 4067 1397 4143 atti
1427 4087 1567 4146 erunt.
1604 4067 1699 4162 Quo
1726 4062 1793 4138 ubr

448 4203 475 4248 2,
502 4177 778 4257 pervenerunt,
804 4161 930 4239 subito
956 4164 1075 4244 nimie
1097 4167 1326 4267 tempestatis
1348 4093 1557 4247 inidirtunia
1583 4165 1637 4241 ita
1661 4162 1716 4240 eis
1737 4161 1795 4238 su·

447 4305 474 4351 2,
500 4277 786 4356 pervenerunt,
822 4266 932 4362 quod·
949 4283 1058 4345 mens
1086 4281 1137 4346 ‘ac
1154 4267 1362 4348 ‘consilium
1389 4296 1412 4346 a
1438 4265 1624 4346 memoria
1656 4283 1791 4341 eorum

446 4403 474 4451 „
500 4359 771 4462 abscesserunt,
796 4361 834 4443 8<
859 4363 1028 4464 corporis
1054 4366 1154 4450 vites
1178 4368 1242 4452 eis
1259 4371 1466 4452 tabuerunt
1493 4426 1503 4447 .
1538 4370 1586 4448 ln
1611 4361 1791 4443 ear-enim

1607 4484 1741 4566 „tem-
