3934 5342
366 353 370 368 ι
496 315 1284 424 SnuceraonortMnJortrsi
1418 350 1501 435 149
1583 297 1640 424 ‘r

279 468 469 550 Ziano‘in
494 470 633 549 Ducali
660 469 806 573 saliigio
832 468 1005 554 suffeans
1030 471 1103 551 suit
1128 475 1288 573 Jacobus
1309 470 1560 574 Theopolis,

230 575 296 672 qui
322 574 403 672 ipso
429 571 532 649 lnitaa
558 572 753 669 dignitatis
778 599 879 652 anno
906 574 1032 654 mense
1053 574 1161 672 Maio
1186 575 1282 655 datis
1307 576 1457 666 Romen
1469 577 1566 674 Qui·

195 739 199 752 .
228 675 325 752 rino·
342 671 527 750 Potestat'i'
544 673 901 774 Costantinopoleos
926 673 1139 756 Ducalibus
1165 675 1285 756 literis
1311 675 1435 756 eidem
1463 701 1567 758 man·

228 775 552 866 devitantibona
578 775 619 852 in
645 772 978 876 Constantinopoli
1007 774 1122 874 posita
1146 775 1377 856 Monastetio
1397 777 1563 856 S.Geor·

228 875 285 973 gii
309 875 626 955 commutationis
653 875 768 956 titulo
793 875 888 955 olim
914 901 936 952 a
963 875 1187 978 Theophilo
1213 879 1323 955 Geno
1350 901 1418 979 pro
1443 877 1575 956 Vena.

230 977 280 1085 tis
315 973 651 1085 Constantinopoli
691 978 850 1056 Pratore
886 976 1062 1077 affignata
1099 975 1208 1079 Miffo
1243 973 1349 1075 ipfius
1384 980 1571 1078 Mortalia.

226 1074 277 1151 ru'
303 1082 345 1152 Β.
365 1071 544 1155 videlicet
562 1073 683 1155 Priori
702 1085 738 1156 s.
763 1076 886 1156 Marci
908 1078 1103 1176 traderet,
1139 1099 1181 1160 ut
1217 1103 1261 1160 ea
1288 1075 1567 1158 Monestetium

228 1175 351 1278 ipsum
380 1198 560 1276 perpetuo
587 1177 802 1277 possideret.
830 1177 918 1277 (Y)

282 1277 444 1376 Appulit
471 1277 550 1378 post
578 1280 657 1358 hac
685 1277 865 1360 Venerias
891 1276 1423 1378 Fridericns11.rmperat0r‚
1448 1276 1569 1379 quiin

230 1375 468 1474 Monaslerio
497 1381 569 1458 hoc
596 1379 695 1461 Divi
720 1380 876 1494 Georgii
904 1381 919 1479 (
945 1401 987 1459 ut
1009 1380 1174 1461 ‘traditur
1200 1378 1215 1477 )
1243 1378 1569 1458 honorificentissi-

229 1501 295 1556 mo
323 1477 490 1588 hospitio
525 1501 711 1580 exceptus
739 1481 938 1582 privilegia
965 1480 1148 1559 Ftiderici
1174 1483 1204 1558 Ι.
1229 1480 1471 1580 Imperatoris
1506 1477 1574 1557 avi

230 1577 285 1655 sui
300 1579 396 1657 huio
405 1580 635 1680 Moaasterio
645 1583 813 1662 concessa
823 1580 1276 1680 continuavinauxitque
1287 1583 1412 1660 mense
1425 1579 1574 1658 Martio

228 1703 329 1757 anno
357 1681 558 1760 Mccxxrr.
585 1682 729 1761 Abbati
764 1682 918 1781 ejusque
954 1681 1219 1761 successoribus
1255 1681 1488 1781 indulgens,
1525 1697 1569 1759 ut

226 1776 413 1856 visualia
431 1781 527 1881 sua,
552 1807 634 1882 quae
662 1808 727 1884 per
752 1783 939 1883 quaslibet
966 1804 1087 1882 partes
1114 1781 1268 1881 Imperii
1298 1781 1487 1876 habebat,
1513 1781 1569 1858 se·

227 1901 340 1975 cure,
365 1883 403 1959 8(
428 1886 565 1983 absque
594 1884 672 1964 ulla
699 1883 871 1962 transitus
897 1884 1085 1963 solutione
1112 1882 1277 1960 adsuunt
1292 1880 1569 1961 Monasterium

229 1980 373 2060 deserre
400 1984 599 2062 valerent.
637 1987 651 2083 s
660 1985 719 2081 Z)
745 1987 893 2063 Interea
927 2010 1016 2063 curn
1042 1982 1364 2084 Justinopolitanae
1392 1979 1568 2061 Ecclesiae

226 2081 455 2182 Capitulum
472 2085 530 2185 'ab
556 2084 699 2182 injullis
725 2085 906 2163 molestiis
932 2111 1009 2163 non
1036 2082 1243 2180 defilleret,
1271 2083 1476 2184 Episcopus
1493 2083 1569 2159 Ca·

216 2185 404 2280 ptulanus
430 2186 476 2263 de
502 2185 607 2265 Sedis
634 2185 857 2286 Apostolicae
883 2189 1112 2287 Legatorum
1149 2183 1380 2265 authoritate
1417 2206 1568 2265 excom·

222 2284 495 2364 municationis
531 2287 758 2365 sententiam
796 2287 970 2364 adversus
996 2286 1223 2385 Capitulum
1251 2286 1373 2387 ipsum
1402 2282 1566 2389 promul·

222 2383 352 2481 gavit,
377 2410 490 2485 quam
518 2387 789 2486 utApostolica
815 2386 1047 2465 authoritate
1074 2382 1253 2485 usquead
1269 2382 1566 2484 sarissassionem

221 2485 450 2584 condignam
477 2485 640 2565 facerent
667 2486 941 2566 inviolabiliter
968 2487 1190 2583 observati,
1215 2487 1402 2585 Episcopo
1431 2487 1567 2563 Vicera·

222 2582 308 2660 tino
333 2585 484 2686 ejusque
511 2585 553 2668 in
579 2587 653 2667 hoc
679 2587 838 2686 collegis
865 2587 1059 2665 mandavit
1085 2586 1292 2687 Gregorius
1305 2587 1401 2701 Papa
1412 2585 1477 2663 IX.
1503 2583 1567 2663 die

222 2704 302 2761 xvt.
329 2685 560 2784 Septembris
585 2713 688 2765 anno
714 2690 915 2766 Mccxxrr.
942 2687 1065 2788 (ΑΛ)
1094 2688 1176 2766 Post
1203 2688 1283 2767 hac
1309 2685 1474 2767 eximius
1496 2684 1568 2762 Vir

223 2784 495 2866 mortalitatem
524 2787 630 2868 exuit
656 2814 756 2869 anno
788 2797 891 2887 1236.
919 2790 1114 2885 moribus,
1141 2787 1363 2889 prudentia,
1388 2788 1425 2868 8<
1450 2787 1564 2865 rebus

221 2885 330 2982 gellis
356 2887 612 2970 Clarislimus.
1013 2946 1021 2960 ·
1319 2953 1325 2960 .

272 2985 416 3099 lllllll.
443 2990 670 3090 Benincala‚
695 2991 742 3071 de
768 2994 846 3095 quo
872 2990 972 3084 nibil
1000 3013 1132 3098 proter
1160 3017 1301 3072 nomen
1328 2990 1373 3070 ad
1400 2986 1565 3069 nostram
1671 3067 1675 3074 .

220 3106 400 3166 nonnam
427 3091 604 3170 advenit.

242 3216 245 3221 ⁸
272 3186 376 3301 lllX.
405 3190 535 3270 Petrus
561 3192 751 3292 Quirinus
785 3219 886 3275 anno
913 3196 1138 3275 Mcexxxn.
1166 3193 1295 3272 Abbas
1320 3187 1569 3284 instituitur,

221 3307 326 3383 curus
353 3313 495 3369 nornen
522 3292 561 3371 ln
574 3294 722 3400 Codice
744 3298 990 3376 Publicorum
1019 3314 1252 3374 memoratur
1277 3293 1323 3370 ad
1349 3314 1493 3369 annum
1515 3289 1565 3403 se·

223 3410 402 3486 qnentem
435 3418 539 3490 1240.
568 3393 646 3473 Hic
672 3397 721 3473 ab
747 3397 978 3476 Innocentio
1005 3398 1073 3475 lV.
1103 3392 1286 3473 Pontifice
1312 3390 1567 3470 confirmatio

227 3507 316 3566 nem
341 3489 587 3592 impetravit,
610 3522 713 3575 anno
740 3498 1138 3578 Mcctrsrv.diexv11.
1165 3493 1333 3596 Janoatii
1360 3489 1470 3593 (BE)
1497 3488 1569 3591 pri·

222 3589 452 3704 uilegiotum
479 3596 693 3692 omnium,
729 3622 811 3698 qua
838 3598 1055 3700 Apostolica
1083 3595 1387 3699 praedecessorum
1413 3592 1567 3707 suorum

220 3691 425 3773 liberalitas
454 3693 688 3796 Monasterio
715 3699 750 3777 S.
763 3699 919 3797 Georgii
935 3697 1095 3794 Maioris
1121 3695 1349 3789 indulserat,
1374 3718 1450 3793 quo
1471 3716 1570 3770 rtem

218 3814 320 3867 anno
346 3794 406 3872 die
428 3817 508 3875 xvr.
540 3799 718 3876 Obiobris
744 3798 970 3886 Benedibius
997 3795 1313 3898 Archiepiscopus
1340 3793 1567 3873 Heracleen-

216 3889 263 3969 srs
289 3918 357 4003 pro
383 3893 542 3996 receptis
569 3921 590 3975 a
620 3901 732 3976 Petro
758 3903 910 3980 Abbate
933 3897 1100 3978 Ecclesia
1125 3898 1163 3975 8r
1190 3894 1426 3998 Monallerio
1453 3893 1563 3992 deip

218 3990 290 4070 fios
312 4013 392 4089 pute
405 3993 930 4102 postrisinConllantinopoli
940 4023 1111 4079 annuum
1124 3997 1398 4097 trigintatrium
1411 4016 1567 4106 yperpe-

217 4117 349 4174 rorum
377 4096 532 4176 censum
561 4097 624 4198 ipsr
646 4153 660 4193 ‚
685 4100 722 4176 8(
749 4100 1016 4181 successoribus
1052 4098 1128 4178 suis
1153 4097 1375 4177 solvendum
1403 4098 1565 4174 solemni

221 4196 482 4276 conuentione
508 4197 707 4299 spopondit
735 4202 912 4299 (CC).
949 4200 1121 4300 Septimo
1148 4200 1215 4278 suo
1240 4196 1438 4296 regiminis
1463 4218 1567 4273 anno

221 4294 354 4375 Petrus
381 4300 511 4384 Abbas
536 4325 640 4380 novo
667 4301 843 4382 thesauro
869 4302 1076 4383 Ecclesiam
1102 4301 1207 4381 suant
1234 4300 1270 4382 S.
1281 4297 1438 4399 Georgii
1461 4318 1567 4473 ogra·
