3934 5342
490 345 546 440 ig
706 315 827 406 Dic
886 319 1504 412 Moirnsnnici'o‘

481 478 639 575 Quanta
649 486 776 550 autern
788 469 974 574 religione
984 472 1191 554 Ecclesiam
1204 475 1302 558 hanc
1313 479 1363 557 D.
1375 475 1589 574 Francisci,
1608 473 1766 579 &quali

433 574 634 657 ‹lileriione
660 571 932 674 patriamsuam
961 575 1206 677 prosequutus
1232 571 1343 658 suerit
1354 581 1513 665 Senator
1523 579 1762 659 Clarissimus

428 687 476 758 eil
503 673 656 777 publico
682 675 851 755 Decreto
875 674 1123 772 addiscimus,
1146 702 1223 778 quo
1248 678 1431 759 sancitum
1456 679 1552 778 suit,
1579 693 1623 757 ut¹
1644 680 1764 794 publi-

248 777 252 784 ’
322 867 325 876 Δ
375 843 380 852 ,
427 801 473 859 ca
498 771 682 856 maritimi
709 774 865 877 Imperii
900 779 948 857 ab
984 801 1031 856 eo
1067 778 1214 857 summa
1246 804 1335 859 cum
1371 781 1479 860 laude
1514 779 1766 860 administrati

427 876 647 962 neritinae
671 876 813 978 egregii
839 875 914 956 viri
938 877 1051 959 clecus
1077 877 1119 960 in
1143 877 1309 982 Ecclesia
1334 882 1370 960 S.
1390 881 1578 962 Francisci
1604 887 1629 981 ,ff
1655 896 1770 981 prout

434 977 517 1100 ipse
538 978 769 1100 eiiperierat,
795 978 1115 1083 appenderentur.

490 1221 627 1324 1524.
669 1181 773 1292 Dic
814 1176 1295 1337 quintoosiobris
1336 1184 1721 1340 inCollegio.
1831 1216 1833 1219 ·

480 1431 509 1475 ,,
531 1375 722 1457 Havendo
747 1374 889 1462 servito
912 1373 999 1456 tasi
1029 1373 1135 1454 noria
1151 1374 1301 1473 nostra,
1326 1373 1356 1455 il
1382 1375 1618 1456 disesiislimo
1645 1366 1774 1453 Nobil

434 1530 462 1577 „
486 1477 628 1562 Nolito
639 1479 868 1577 Domenego
881 1399 1066 1556 Treviian
1075 1480 1121 1556 K.
1136 1477 1382 1574 Procurator,
1408 1476 1621 1578 elCapitan
1645 1476 1771 1553 Gene-

432 1632 459 1676 „
485 1580 539 1658 ral
565 1580 612 1659 da
637 1578 728 1657 Mar
753 1579 863 1656 senza
887 1576 1021 1657 salario
1047 1578 1195 1673 alcun,
1220 1603 1242 1657 e
1268 1579 1376 1677 senza
1402 1580 1536 1657 alcuna
1563 1573 1719 1668 utiliri,
1747 1569 1770 1648 ὲ

431 1729 461 1776 ,,
477 1681 561 1762 'ben
586 1677 838 1760 conveniente
864 1699 931 1779 per
956 1699 1054 1758 onor
1079 1680 1140 1759 del
1162 1679 1268 1760 Statu
1295 1679 1417 1768 nostro
1443 1675 1632 1757 decliiarir
1652 1701 1678 1754 a
1698 1691 1773 1750 tur·

432 1832 460 1878 „
486 1778 543 1878 ti,
565 1798 708 1881 quanto
732 1800 842 1880 grato
867 1801 916 1857 ne
941 1777 992 1862 sia
1017 1778 1111 1858 slato
1136 1778 1167 1857 il
1191 1778 1308 1856 servir
1328 1780 1395 1856 siro
1420 1778 1462 1857 iri
1487 1776 1576 1877 ogni
1603 1797 1735 1873 tempo
1760 1821 1776 1884 2

431 1930 460 1977 „
486 1880 613 1960 itache
638 1882 778 1981 apresso
803 1879 841 1958 la
865 1877 986 1980 gratia
1011 1877 1132 1958 nostra
1158 1932 1179 1974 ,‚
1208 1879 1361 1958 volemo
1385 1880 1433 1958 da
1458 1878 1596 1981 poiche
1623 1900 1688 1977 per
1715 1872 1775 1985 lui

433 2034 461 2079 „
488 1982 526 2061 el
552 2005 628 2061 non
655 1981 705 2058 ha
730 1978 868 2059 voluto
893 1977 1022 2058 utilita
1047 1980 1207 2075 alcuna,
1231 1980 1304 2060 che
1329 1980 1483 2058 almeno
1510 2004 1574 2080 per
1585 1994 1776 2057 memoria

434 2080 585 2179 „delle
612 2082 675 2160 suc
701 2078 842 2161 satiche
867 2079 904 2160 le
931 2081 1090 2180 Insegne
1123 2079 1185 2159 del
1211 2079 1309 2168 <litto
1333 2080 1582 2184 Capitoniaro
1608 2080 1644 2157 le
1672 2075 1776 2154 liano

428 2227 463 2281 ·‚,
488 2182 706 2270 conseruate
727 2234 742 2281 ,
765 2207 788 2262 c
815 2205 904 2283 pero
929 2179 979 2259 ssa
1004 2180 1111 2282 prcso
1135 2204 1200 2282 per
1226 2179 1391 2259 auroriti
1415 2181 1477 2260 dcl
1501 2177 1685 2279 Collegio
1712 2197 1778 2288 no·

437 2337 466 2381 ,‚
490 2281 597 2380 siro,
633 2282 705 2363 elie
742 2301 841 2361 tutte
867 2281 905 2361 le
930 2280 1113 2360 Bandiere
1149 2281 1277 2374 dorate
1311 2280 1403 2360 sattc
1439 2306 1505 2383 per
1537 2281 1574 2360 la
1600 2281 1777 2385 Signoria

435 2382 612 2483 „nostra
637 2403 702 2484 per
720 2383 755 2464 la
780 2381 876 2463 ditta
901 2380 1170 2482 Capitaneria,
1195 2379 1298 2460 siano
1323 2383 1459 2461 donate
1485 2378 1713 2462 allaChiesa
1736 2373 1776 2452 di

436 2484 526 2581 „'S.
548 2485 754 2565 Francesco
780 2483 880 2563 della
907 2482 1034 2660 laigna
1070 2481 1294 2566 havendone
1320 2481 1400 2562 cosl
1425 2483 1521 2563 sarto
1547 2478 1777 2567 riehieder,

435 2638 465 2684 „
489 2585 525 2666 le
551 2586 641 2686 qual
665 2583 850 2665 Bandiere
884 2604 923 2664 rc
957 2582 1023 2664 ino
1059 2608 1125 2685 per
1160 2582 1434 2665 adornamento
1469 2583 1510 2661 dl
1544 2580 1671 2684 quella
1710 2596 1777 2676 per

437 2740 466 2785 „
491 2684 667 2865 exestmpio
690 2686 729 2766 di
757 2681 849 2768 tutti
873 2683 1029 2789 quelli,
1064 2684 1136 2766 che
1162 2685 1324 2766 servono
1359 2683 1584 2764 sedelmente
1611 2680 1640 2759 il
1666 2680 1776 2757 Staio

441 2835 469 2885 2,
495 2812 545 2867 no
578 2812 641 2867 ro·
917 2829 923 2838 '
1106 2823 1108 2828 ’
1290 2815 1292 2820 ¹
1396 2857 1399 2864 .

491 2888 551 2965 Ex
577 2887 730 2968 adverso
756 2885 893 2968 deinde
917 2886 1062 2968 Altarir
1088 2888 1124 2976 S.
1147 2884 1310 2970 Antonii
1332 2889 1519 2974 Sacellum
1546 2882 1679 2968 visitur
1689 2873 1784 2970 San,-

438 2986 492 3068 iti
517 2987 781 3091 Hieronymi,
816 2988 953 3080 Gentis
978 2988 1169 3072 Baduariae
1195 2989 1368 3091 impensis
1394 2987 1663 3092 elegantissime
1699 3001 1780 3060 ere·

442 3087 572 3186 sium,
597 3110 645 3169 cir
670 3088 777 3187 cujus
803 3087 1021 3170 hereditate
1047 3090 1088 3167 in
1114 3089 1282 3169 Familia
1310 3090 1523 3190 Justirrianae
1550 3089 1631 3187 jura
1656 3079 1783 3185 postea

440 3187 829 3290 devenit.,1nips1us
852 3188 981 3286 altaris
1007 3190 1153 3293 lapidea
1180 3191 1308 3270 tabula
1337 3190 1499 3288 Deipnra
1520 3243 1534 3285 ,
1559 3189 1596 3266 ἃ
1622 3181 1782 3268 Sanctus

440 3292 590 3372 Docior
617 3290 805 3371 Titularis
830 3286 873 3369 in
897 3289 1080 3370 lateribus
1105 3318 1197 3371 vero
1225 3292 1521 3392 Prophetarum,
1546 3289 1583 3368 8(
1608 3289 1784 3383 Evange-

442 3391 610 3473 lislarum
638 3390 847 3494 imagines,
872 3415 915 3471 ac
927 3391 1092 3471 Domini
1119 3391 1384 3493 Redemptoris
1409 3391 1508 3508 gesta
1535 3390 1574 3469 in
1593 3388 1715 3503 varias
1736 3400 1786 3459 ex

441 3493 605 3573 candido
629 3516 819 3572 marmore
846 3491 1005 3578 tabellas
1030 3491 1202 3591 disposita
1227 3494 1471 3594 anaglyptico
1496 3511 1608 3591 opere
1621 3488 1785 3596 diligen3

443 3590 581 3670 tissime
606 3591 940 3691 representantur.
977 3589 1143 3673 Parietes
1165 3593 1305 3676 Sacelli
1331 3614 1440 3675 ornat
1467 3589 1594 3674 Marci
1621 3592 1785 3669 Antonii

439 3689 645 3792 Jusliniani
673 3690 883 3774 emortuali:
909 3689 1103 3792 elogium.
1319 3699 1321 3703 ’

932 3893 986 3973 D.
1087 3895 1138 3973 0.
1240 3893 1301 3976 Μ.

500 4146 528 4192 „
552 4096 690 4178 Marco
716 4094 891 4177 Antonio
915 4092 1129 4197 Iustiniano
1149 4096 1399 4186 Venetiariim
1424 4073 1591 4200 Principi
1615 4090 1666 4172 C.
1686 4079 1789 4261 ΠΕ).

446 4192 565 4297 „qui
592 4198 672 4297 post
696 4196 920 4315 amplissima
945 4222 1105 4279 munera
1138 4198 1245 4280 domi
1270 4197 1435 4302 forisque
1462 4185 1730 4280 honorificenti
1760 4208 1790 4259 i·

450 4348 478 4396 n
502 4320 565 4378 11¹⁶
591 4296 690 4398 gesta
716 4307 890 4381 omnium
916 4298 1071 4401 magis,
1095 4324 1211 4404 quani
1234 4299 1310 4384 suis
1338 4299 1438 4385 votis
1464 4300 1511 4415 ad
1537 4282 1792 4472 Parriaussssli·

1595 4417 1671 4498 „8¹
1741 4485 1747 4498 ,
1837 4495 1843 4502 ,
