3934 5342
377 441 380 450 =
496 409 578 494 142
731 383 831 467 Da
891 380 1475 474 Muuasrsrro

430 593 458 638 „
482 534 798 636 &interogabant
820 529 1071 634 portitorem,
1096 525 1197 635 quod
1222 529 1328 610 lutus
1350 529 1526 610 haberet.
1555 527 1606 606 At
1633 523 1700 608 ille
1725 525 1771 606 ti·

428 693 457 737 „
486 662 592 717 more
617 633 795 732 coadius,
822 634 945 713 vitrea
969 657 1085 735 opera
1108 657 1202 712 auro
1225 631 1272 710 de
1300 630 1495 711 'diainesse
1519 627 1691 711 dicebar.
1717 632 1770 709 Et

427 791 455 837 „
480 757 524 818 ut
549 759 639 817 uere
666 734 765 815 vitra
790 761 815 814 o
866 761 904 815 ra
929 736 1037 852 capsa
1062 735 1226 836 gestabat
1306 755 1372 809 ura
1397 731 1518 828 dico,
1554 755 1633 809 non
1660 741 1765 810 statut

429 889 457 939 „
483 861 544 917 ra.
571 838 659 919 Hoc
681 837 786 917 enim
836 855 1042 940 epuntate
1066 835 1158 916 vitri
1180 834 1256 930 eli,
1280 831 1383 934 quod
1407 833 1532 913 dicere
1558 832 1774 933 possum,

428 991 457 1038 „
482 959 526 1019 ut
546 961 634 1119 pure
661 937 888 1018 intrinsecus
912 953 1075 1018 manent·
1093 938 1218 1018 clausa
1243 933 1473 1034 extrinsecus
1499 934 1771 1035 agnoscamus,

430 1094 458 1138 „
482 1040 521 1120 de
562 1037 693 1120 ansius
729 1037 791 1119 vir
816 1035 953 1119 Paulus
978 1035 1124 1119 Cluilli
1153 1038 1308 1138 Martyr
1342 1032 1577 1115 sandlitatem
1607 1087 1621 1129 ,
1652 1058 1769 1135 quam

429 1139 613 1242 ,babuit
639 1139 788 1222 introce
814 1139 1078 1237 consessionis,
1102 1138 1265 1221 servavit
1287 1135 1458 1238 inopere
1480 1134 1673 1238 pullionis.
1699 1134 1774 1215 Ni·

429 1295 458 1340 „
484 1241 541 1323 bil
567 1242 609 1321 ira
637 1242 674 1324 se
700 1240 834 1322 habuit
860 1239 1127 1344 duplicitatis,
1164 1261 1235 1320 nec
1260 1234 1399 1318 saudis
1433 1261 1546 1338 opera
1570 1236 1664 1317 sicut
1690 1235 1776 1317 scri·

430 1397 457 1440 „
482 1363 593 1445 ptura
618 1343 664 1423 de
689 1341 911 1446 quibusdam
939 1342 1110 1444 loquitur
1136 1342 1287 1422 dicens:
1309 1340 1396 1419 sunt
1419 1340 1487 1441 qui
1510 1339 1682 1440 nequiter
1707 1337 1777 1417 bu·

328 1449 332 1455 '
432 1495 460 1541 „
485 1442 637 1526 miliant
663 1444 727 1540 se,
750 1444 980 1524 &interiora
1007 1463 1140 1523 eorum
1166 1443 1279 1545 plena
1304 1439 1391 1520 sunt
1415 1440 1508 1520 dolo
1531 1440 1570 1519 dr
1594 1438 1774 1520 fallacia.

432 1596 462 1641 „
486 1549 594 1625 Auro
619 1544 767 1625 fuerant
792 1539 937 1646 <lepida
963 1541 1055 1624 idesi
1080 1542 1290 1625 virtutibus
1323 1562 1517 1639 ornatus,
1552 1539 1614 1620 bis
1638 1563 1777 1643 nempe

426 1697 456 1743 „
485 1645 711 1747 prudentia,
733 1643 1264 1747 temperantia,s0rtitudine,
1287 1642 1497 1741 &iustitia,
1522 1640 1778 1743 velquiaseri·

429 1798 460 1844 „
486 1766 596 1848 ptura
621 1745 715 1827 dicit
741 1746 961 1850 sapientiam
989 1741 1082 1827 srcut
1119 1767 1252 1825 aurum
1280 1797 1290 1823 .
1329 1745 1419 1823 ldeo
1455 1741 1633 1846 sapientia
1658 1744 1776 1822 etiam

431 1897 458 1942 „
483 1869 572 1926 eum
598 1846 761 1930 dicimus
785 1868 984 1929 ornatum.
1013 1850 1117 1927 Nam
1143 1849 1178 1926 sa
1206 1846 1323 1926 ientia
1349 1866 1497 1924 terrena
1522 1843 1714 1940 animali,
1738 1844 1777 1924 dt

429 1948 672 2044 „diabolica
698 1972 819 2052 neque
843 1950 1051 2029 secundum
1076 1952 1163 2049 Apo
1192 1950 1301 2027 olum
1329 1947 1488 2026 Paulum
1526 1945 1707 2047 sapientia
1733 1944 1775 2025 iu

431 2101 460 2145 „
487 2048 653 2140 mislerio
687 2043 944 2146 abscondita,
978 2073 1094 2151 quam
1129 2048 1351 2152 preparavit
1387 2048 1494 2127 Deus
1531 2046 1570 2126 in
1613 2046 1778 2148 gloriam

431 2201 461 2244 „
486 2147 617 2251 ipsius.
645 2150 758 2231 Hanc
775 2150 892 2252 ipsam
920 2150 1190 2230 commendans
1199 2152 1364 2251 lacobus
1387 2147 1503 2228 dicit:
1526 2171 1609 2249 qua
1629 2147 1676 2227 de
1697 2148 1781 2227 suo·
1877 2202 1888 2213 -

431 2301 459 2346 ,‚
483 2271 570 2366 rum
596 2247 652 2331 est
674 2250 880 2432 sapientia,
904 2251 1072 2353 primum
1096 2250 1250 2353 quidem
1277 2249 1412 2354 pudica
1439 2247 1530 2346 eli,
1559 2247 1694 2329 deinde
1721 2273 1781 2350 pa·

428 2402 460 2446 „
482 2350 618 2447 erfica,
640 2377 705 2432 mo
731 2352 832 2447 esta,
854 2351 1072 2450 suadibilis,
1094 2352 1208 2433 bonis
1218 2351 1481 2447 consentiens,
1534 2351 1619 2430 lena
1639 2350 1781 2431 miseri·

428 2503 456 2547 „
482 2452 635 2550 cordia,
658 2453 696 2533 dc
720 2451 904 2534 studiibus
930 2453 1072 2551 bonis,
1100 2479 1179 2533 non
1204 2453 1373 2553 judicans
1397 2452 1474 2532 stne
1500 2375 1739 2532 simulatione
1765 2505 1779 2530 .

428 2603 456 2647 „
481 2552 686 2654 Caperunt
713 2573 838 2634 nautu
873 2554 1088 2656 navigare,
1122 2555 1374 2635 &venerunt
1409 2577 1499 2632 aura
1534 2553 1695 2633 secunda
1721 2578 1781 2632 us·

428 2676 555 2753 „que
581 2655 624 2735 in
649 2656 822 2758 parribus
844 2655 1122 2757 Cephaleniaea
1145 2658 1197 2735 Et
1222 2656 1313 2758 quia
1339 2656 1405 2735 lux
1431 2654 1661 2738 intenebris
1685 2655 1778 2735 late·

426 2805 455 2849 „
480 2777 627 2870 re'non
652 2757 807 2857 poteli,
834 2757 978 2858 paravit
1006 2758 1201 2838 Dominus
1227 2777 1387 2836 ventum
1413 2756 1581 2837 validum
1607 2807 1621 2852 ,
1657 2754 1776 2837 &ni-

429 2906 458 2949 „
482 2877 602 2936 msam
629 2855 889 2960 tempestatem
915 2857 1065 2956 maris,
1089 2858 1142 2937 ita
1169 2879 1211 2938 ut
1232 2856 1396 2936 assiriam
1426 2855 1606 2938 liudiibus
1629 2879 1775 2960 merge·

420 2995 458 3049 „„
481 2976 607 3035 retur.
634 2947 747 3038 Tunc
760 2955 1005 3058 perdiderunt
1030 2979 1249 3054 temonem,
1274 2960 1447 3039 arborem
1459 2957 1700 3057 inciderunt,
1725 2958 1778 3036 de

428 3106 457 3150 „
481 3054 680 3157 sepeultus
704 3059 963 3159 desperantes,
987 3059 1119 3142 vivere
1145 3059 1308 3176 amplius
1319 3085 1398 3139 non
1423 3061 1651 3156 credebant,
1675 3058 1777 3162 plan·

428 3206 456 3251 „
480 3159 619 3257 gabant
646 3159 765 3240 etiam
789 3159 837 3242 de
864 3158 1028 3262 peccatis
1052 3161 1152 3259 suis,
1177 3161 1343 3240 nimium
1364 3160 1633 3258 formidantes,
1660 3185 1710 3239 ne
1735 3157 1776 3237 sr-

427 3309 457 3353 „
483 3277 548 3338 eut
575 3260 683 3361 aquis
707 3283 889 3362 corpora,
915 3262 964 3341 sc
989 3259 1127 3343 animae
1151 3281 1296 3343 aterno
1306 3259 1491 3364 supplicio
1516 3262 1780 3344 traderenture

426 3360 633 3459 „Interea
656 3359 765 3443 sicuti
791 3357 935 3464 placuit
960 3361 1176 3464 Creatori,
1209 3361 1252 3444 in
1275 3386 1444 3444 mentem
1472 3361 1639 3443 naucleri
1667 3361 1776 3442 venit

428 3517 458 3561 „
481 3461 675 3562 capsella,
709 3463 750 3542 iu
776 3488 851 3565 qua
884 3462 1059 3544 latitabat
1085 3465 1224 3545 Beatus
1248 3464 1389 3544 Paulus
1410 3462 1556 3544 Christi
1583 3464 1781 3564 Martyr,

426 3618 457 3662 „
479 3560 517 3640 dr
543 3566 647 3677 quod
673 3563 836 3645 Potestas
862 3561 929 3644 fibi
956 3565 1104 3648 dixerat
1131 3587 1174 3646 ut
1200 3565 1242 3644 in
1269 3566 1335 3643 tali
1363 3565 1451 3645 loco
1470 3584 1710 3667 poneretur,
1734 3583 1779 3641 ut

425 3717 456 3762 ‚,
481 3662 530 3778 ab
554 3663 689 3765 aquuo
712 3690 790 3744 uon
817 3666 1132 3763 conculcaretur,
1155 3666 1348 3768 c'oepitque
1367 3661 1541 3765 suspicari
1566 3721 1581 3764 ,
1610 3661 1779 3744 sandium

426 3813 456 3861 „
479 3763 645 3865 aliquem
674 3764 902 3846 intrinsecus
927 3766 1102 3864 latitare,
1127 3767 1164 3846 dc
1191 3789 1387 3869 propterea
1409 3767 1487 3869 pati
1514 3766 1780 3868 naufragium.

425 3918 455 3965 „
481 3866 628 3951 Verum
656 3866 730 3947 hoc
755 3870 852 3963 esse,
877 3868 915 3947 δι
942 3893 1014 3948 uos
1036 3867 1252 3963 credimus,
1274 3868 1388 3971 quia,
1413 3891 1506 3947 cum
1524 3868 1576 3948 de
1598 3892 1692 3949 ceco
1717 3890 1781 3945 na·

426 4017 457 4064 „
481 3966 807 4082 tointerrogatus
829 3967 950 4049 suisset
963 3967 1160 4051 Dominus
1184 3968 1210 4049 sr
1237 3969 1268 4050 is
1287 3970 1492 4074 peccasset,
1512 3988 1580 4049 aut
1606 3989 1781 4071 parentes

424 4118 456 4166 „
480 4090 585 4166 erus,
610 4091 653 4148 ut
680 4095 803 4152 cacus
827 4071 1078 4168 nasceretur,
1112 4070 1302 4173 respondit
1330 4093 1454 4173 neque
1479 4068 1546 4151 hic
1571 4067 1741 4173 peccavit
1767 4120 1784 4163 ,

426 4219 457 4264 „
484 4191 607 4283 neque
634 4194 806 4286 parentes
841 4172 962 4273 eius,
997 4172 1059 4252 sed
1093 4193 1136 4251 ut
1162 4170 1449 4253 nranisesientur
1484 4169 1702 4289 opera'Dei
1737 4168 1780 4247 in

427 4319 457 4365 „
483 4267 555 4348 rllo
575 4326 586 4348 .
610 4271 674 4353 Sic
699 4271 758 4354 ilii
783 4273 831 4352 ad
856 4271 1176 4374 glorificationem
1204 4271 1525 4391 Martyris'Beatt
1554 4270 1662 4351 Pauli
1690 4266 1779 4372 passi

431 4421 462 4467 „
487 4371 574 4451 sunt
599 4397 678 4455 nou
704 4374 970 4478 naufragium,
993 4373 1055 4455 sed
1081 4374 1198 4455 maris
1221 4394 1405 4477 ventique
1429 4371 1673 4457 intolerabile
1697 4372 1777 4473 sup

1619 4527 1648 4573 „
1663 4471 1732 4576 pli·
