3934 5342
432 377 1231 483 stuerrnaennrtnr'a'rorrs'.
1366 385 1483 499 135'

172 523 474 647 quebtffmone'n
504 527 616 621 refert
648 525 851 620 Dandulua
883 538 924 619 in
942 529 1243 622 Chronicollb'.
1264 529 1440 643 vrrsscab.
1465 555 1519 640 tr·

174 667 336 747 parvtt.
364 644 422 722 bis
448 642 591 722 verbine
617 644 646 698 ‘l
672 645 808 723 Paulus
829 639 888 719 vir
900 640 1317 744 Ortlrodottumedidlo
1334 640 1520 722 Constan-

172 771 202 845 .·,
226 745 299 829 tini
313 744 744 844 inhibentirimagin'um
759 731 1296 840 ‘venerationem-renierus
1308 741 1527 842 berlinton-'-

175 901 204 946 ,‚
230 846 374 946 mentis?
394 839 547 944 jubetur
571 839 902 945 aflligi'r&³cbr'nr
928 839 1227 948 maseteraretli
1251 842 1375 924 etutic'
1394 844 1522 928 oeulis

172 959 212 1047 ‚·‚'·
228 951 383 1037 tantum,
399 961 466 1048 pet
486 943 849 1046 loturu‘tramlesiue
865 943 953 1042 est,
980 943 1278 1047 quod'spiritum
1300 942 1449 1040 emisit,
1475 945 1520 1025 &-

173 1101 202 1147 „
227 1049 502 1148 jammonam
528 1050 573 1126 ad
600 1053 721 1148 parret
748 1044 906 1147 Aspnriu
922 1071 991 1148 pto
1017 1045 1098 1127 esea
1119 1045 1282 1126 canibus
1307 1043 1522 1147 projecim,

172 1202 200 1248 „
223 1173 248 1228 a
275 1148 380 1248 Viris
404 1149 622 1229 Catholicis
658 1147 899 1227 conservatus
926 1145 978 1225 est
1000 1195 1012 1243 ‚
1032 1148 1085 1226 ίὃ(
1112 1147 1277 1247 denique
1315 1148 1384 1226 sub
1406 1148 1523 1226 Petro

177 1304 207 1348 ‚,
228 1250 354 1329 Ziano
378 1250 558 1329 Venetiae
584 1250 829 1349 deportatur.
863 1250 892 1292 “
918 1248 1072 1327 Deinde
1099 1273 1190 1328 vero
1218 1246 1389 1327 l’raetoris
1415 1249 1521 1327 Con·

175 1349 502 1462 stantinopolitani
528 1349 720 1446 savorem,
745 1349 783 1428 dr
805 1347 1137 1429 allatacVenetiis
1158 1348 1335 1450 reliquias
1362 1347 1519 1428 testatur

173 1451 299 1532 liuza
314 1443 576 1550 cantuum.
590 1451 801 1528 'llnvlr.²“
825 1450 962 1529 Paulus
984 1453 1114 1531 Abbaa
1136 1437 1362 1529 Monasierii
1390 1449 1518 1544 §anm

174 1605 202 1650 ‚‚
226 1552 392 1650 Georgii·
410 1552 456 1632 de
483 1550 659 1633 Veneriis
679 1551 725 1632 de
748 1549 986 1642 Monallerio
1010 1551 1251 1667 Pantepoptia
1273 1552 1318 1631 dc
1334 1547 1527 1646 constan-

175 1705 203 1750 „
229 1647 393 1752 tindpoli
420 1650 487 1731 fibi
508 1676 531 1729 a
550 1653 663 1730 Duce
682 1650 879 1744 concesso,
905 1647 1046 1767 cudrpuc.
1065 1651 1195 1730 Sandlt
1209 1651 1340 1747 Pauli,
1366 1649 1432 1752 qui
1455 1651 1524 1732 sub

181 1806 210 1850 ‚,
236 1750 494 1831 Constantino
505 1751 760 1854 Coptonymo
773 1749 1009 1853 martynum
1037 1755 1153 1854 pallus
1179 1751 1254 1848 eli,
1279 1775 1368 1831 eum
1395 1750 1527 1833 favore
1673 1783 1677 1788 ·

176 1907 204 1952 „
229 1853 378 1933 Matini
413 1852 581 1933 Storlato
618 1851 873 1954 proilenetis
900 1849 1087 1934 Potestate
1113 1852 1246 1952 inibi,
1273 1851 1454 1933 Venetias
1481 1853 1523 1934 in

175 2007 204 2053 ‚‚
229 1954 337 2033 suum
360 1953 550 2036 transtulit
574 1951 874 2033 Monallerium.
938 1963 942 1970 ’

190 2083 193 2090 ·
239 2053 464 2155 Pantepopti
503 2041 782 2134 Monalierium
822 2071 1078 2148 memoratum
1116 2054 1258 2155 legitur
1293 2052 1336 2133 in
1361 2052 1527 2132 Zonarae

175 2155 426 2252 Annalibus,
459 2154 526 2255 qui
552 2154 649 2234 illud
676 2156 725 2234 ab
752 2157 993 2256 Imperatoris
1020 2154 1150 2264 Alexii
1166 2152 1374 2252 Comneni
1401 2167 1528 2233 matre

175 2256 402 2336 aedificatum
430 2255 534 2336 soille
561 2254 714 2336 alletit‘.
743 2257 801 2335 lta
827 2256 978 2335 Zonata
1005 2257 1123 2336 Tum.
1146 2258 1219 2336 111:
1243 2258 1272 2300 ‘⁶
1299 2256 1420 2333 Matri
1450 2256 1525 2332 lm·

174 2357 411 2457 ,iperatoris
435 2354 763 2437 administratione
798 2379 923 2435 rerum
951 2358 1029 2453 (ut
1058 2355 1200 2436 didium
1229 2354 1280 2435 est
1306 2354 1321 2452 l
1347 2354 1413 2434 diu
1440 2354 1524 2434 sun·

173 2465 201 2555 ‚3
227 2458 295 2537 eta
317 2458 441 2554 mala,
466 2456 604 2558 quibus
616 2455 756 2536 subditi
767 2457 1026 2553 vexabantur,
1053 2459 1223 2560 plerique
1242 2455 1525 2537 adscribebant.

172 2609 202 2654 ‚,
227 2560 359 2655 Quam
381 2581 462 2636 rem
484 2556 609 2655 filius,
636 2556 767 2659 utqui
789 2556 1059 2638 nominetenus
1079 2558 1177 2638 sorte
1198 2559 1380 2637 duntaxat
1392 2569 1523 2658 regna·

173 2705 202 2756 ‚‚
229 2673 311 2751 ret,
336 2656 403 2737 etsr
429 2658 587 2740 moleste
608 2657 774 2756 serebat,
802 2676 931 2738 tamen
953 2658 1061 2739 illam
1083 2658 1246 2739 invitam
1269 2682 1523 2760 protereren-

175 2755 283 2855 „tia
304 2758 368 2835 sua
387 2757 568 2859 potestate
582 2799 588 2809 ·
599 2759 748 2860 privare
769 2758 895 2839 noluit
916 2816 925 2836 .
963 2763 1057 2862 Quo
1079 2761 1218 2839 mulier
1238 2757 1524 2853 animadverso,

177 2911 206 2954 „
231 2857 378 2953 uerita,
404 2867 453 2936 ne
475 2858 538 2938 vel
558 2857 682 2937 invita
703 2859 886 2940 excedere
906 2879 1128 2959 cogeretur:
1156 2857 1286 2939 relisla
1297 2858 1418 2959 Regia
1440 2882 1523 2937 om·

174 2959 268 3055 „ni
294 2957 543 3056 audioritate,
569 2957 629 3040 illi
655 2960 756 3041 cedit
784 2988 794 3038 z
821 2959 926 3039 &in
955 2960 1181 3063 Pantepopti
1194 2958 1472 3040 Monasterium
1498 2982 1523 3037 a

175 3059 264 3158 „¹³se
287 3059 515 3138 edificatum
544 3060 715 3239 milgrat.
752 3060 834 3140 Ubi
861 3085 950 3143 eum
987 3062 1135 3179 aliquot
1161 3083 1282 3141 annot
1310 3058 1524 3140 honorilice

171 3211 200 3254 ‚,
225 3158 263 3237 &
284 3159 480 3260 Regaliter
501 3159 581 3240 vixi
611 3169 650 3241 e't
672 3161 850 3262 provesia
872 3182 981 3243 atate
1003 3163 1123 3242 obrit.
1149 3166 1178 3212 ‘⁸
1204 3160 1311 3240 Pauli
1339 3162 1406 3241 sub
1417 3161 1525 3240 Cou-

173 3257 337 3339 stantino
363 3261 620 3362 Coptonymo
646 3262 834 3364 Martyris
870 3263 1131 3359 memoriam,
1157 3261 1264 3341 affert
1292 3260 1527 3361 Martytolo·

173 3359 280 3461 gium
308 3363 527 3442 Romanum
555 3360 617 3444 die
644 3390 704 3479 r7.
742 3361 915 3460 Martii,
951 3383 1133 3464 notatque
1168 3361 1312 3443 ibidem
1338 3360 1529 3441 baronius

172 3461 303 3542 eadem
329 3459 412 3559 die,
438 3462 484 3542 de
511 3461 592 3564 ipso
618 3487 680 3564 agr
707 3463 749 3544 in
777 3463 1015 3566 Menologiis
1041 3466 1283 3545 Graecorum.
1311 3463 1365 3543 At
1383 3457 1522 3544 Galen·

172 3586 269 3657 nuc,
295 3562 560 3658 Mammium,
585 3564 786 3665 antiquum
801 3564 1127 3668 Martyrologium
1154 3563 1361 3645 secundum
1374 3585 1524 3642 morem

171 3663 358 3742 Romana
385 3663 559 3752 Ecclesia
587 3663 763 3747 Veneriis
789 3665 891 3767 typis
916 3665 1091 3764 editum,
1115 3666 1270 3767 antiqua
1283 3666 1440 3745 Veneta
1452 3664 1525 3748 Ec·

171 3761 315 3878 cleliaea
339 3764 377 3844 ἃ
404 3763 630 3848 Monasterii
656 3767 692 3846 S.
714 3766 873 3866 Georgii
901 3766 1056 3848 traditio
1082 3766 1297 3869 passionem.
1313 3767 1348 3849 S.
1371 3767 1524 3867 Marty-

171 3888 225 3944 τις
251 3864 296 3941 ad
322 3865 426 3945 diem
451 3867 544 3966 Julii
571 3865 744 3947 onnam
767 3921 780 3963 ‚
805 3867 884 3963 ejus
911 3891 1003 3949 veto
1030 3868 1317 3950 translationem
1345 3867 1392 3947 ad
1418 3866 1523 3945 diem

173 3975 254 4080 lrxt.
280 3962 454 4083 alligati¹
473 3967 684 4050 Certamen
710 3967 934 4049 Sanslifftmi
963 3969 1182 4071 Martyris,
1216 3970 1369 4071 ejusque
1395 3965 1526 4045 inven-

174 4086 323 4182 tionem
351 4090 490 4168 pariter
523 4069 883 4152 &translationem
910 4070 1069 4151 e‘xh'ibet
1096 4069 1227 4152 Petrus
1253 4070 1299 4150 de
1322 4067 1526 4151 Natalibus

174 4191 218 4246 rn
242 4168 369 4248 Catal.
390 4168 526 4268 libra
550 4178 700 4272 capffl.
726 4197 809 4273 qua
835 4172 970 4256 iisdem
997 4171 1117 4251 serme
1143 4171 1270 4253 verbis
1297 4171 1337 4251 in
1363 4169 1525 4270 antiquo

176 4267 398 4372 pallionario
426 4271 587 4354 Ducalis
610 4271 775 4355 Basilica
802 4273 1076 4370 recensentur,
1112 4293 1201 4351 eum
1228 4293 1323 4354 vero
1348 4271 1449 4351 nihil
1476 4270 1524 4349 ad

177 4394 221 4451 ea
242 4422 257 4469 ,
282 4395 364 4473 qua
381 4373 592 4458 'Dandulus
613 4359 772 4475 attulit,
797 4373 973 4458 addidisse
999 4371 1202 4460 noscantur
1221 4428 1240 4473 ,,
1256 4372 1524 4552 'inutilehputo

1438 4495 1473 4553 tc
