3934 5342
379 333 383 344 ¹
517 361 600 470 148
749 360 850 444 Da
912 358 1530 441 Mxonisnenrov

450 565 478 610 ,‚
501 511 613 606 disse,
639 533 682 591 ac
709 511 906 613 percepisse
934 507 1130 614 pradilia,
1154 507 1404 589 cumdiceret.
1423 508 1460 598 ,se
1486 503 1689 608 spoliatum
1702 529 1790 607 pta·

449 664 477 708 „
502 611 643 704 dietis,
679 612 856 690 dominus
881 615 982 713 Papa
1004 611 1125 713 ipsum
1150 607 1331 688 restituit:
1360 633 1493 690 verum
1521 609 1610 709 quia
1633 633 1791 710 utraque
1950 685 1951 698 Ν

449 764 481 806 ‚,
503 737 585 811 pare
610 712 813 792 deduxerat
841 714 882 790 in
910 712 1092 811 judicium
1118 708 1298 811 quicquid
1325 709 1414 805 juris
1439 709 1621 790 habuerat
1648 708 1791 810 inprae-
1880 805 1884 812 ,
1950 719 1951 732 '

448 864 477 907 „
501 812 634 907 dietis,
661 814 759 913 Papa
785 811 871 893 vifis
897 813 1108 914 privilegiis
1129 811 1431 914 predecessorum
1451 812 1615 896 ‚suorum
1631 833 1686 892 ex
1713 836 1791 912 par·

448 963 477 1007 „
502 919 540 991 te
568 912 792 993 Monastetii
820 913 1120 1015 productorum,
1147 910 1414 1012 pronunciavit
1441 909 1722 1018 Mon'pstcrium
1746 912 1791 990 li·

382 1011 385 1022 ’
450 1065 475 1105 η
501 1014 661 1110 berum,
684 1016 721 1093 8<
748 1015 795 1095 ad
822 1018 1035 1094 Romanam
1061 1011 1268 1093 Ecclesiam
1294 1013 1404 1092 nullo
1426 1013 1553 1096 medio
1580 1014 1793 1113 pertineret

449 1114 733 1208 „absolvendo
759 1115 1037 1196 Monastetium
1064 1115 1105 1193 in
1132 1112 1382 1229 premissis&
1408 1114 1515 1209 aliis,
1542 1127 1624 1215 qua
1651 1112 1793 1209 iurisdi-

449 1214 669 1307 „trionem
697 1217 1024 1313 &subsellionem
1053 1214 1284 1317 respiciunt,
1306 1216 1354 1295 ab
1380 1214 1793 1322 impetitionltl'atriar·

453 1363 483 1410 ‚‚
507 1316 611 1412 cha,
639 1342 718 1396 non
744 1316 916 1397 obliante
941 1316 1154 1420 possessione
1181 1319 1229 1396 ab
1255 1316 1336 1417 ipso
1361 1316 1577 1395 Patriatcha
1606 1317 1762 1415 probata
1785 1368 1798 1410 ‚

452 1416 595 1515 „quia
632 1441 709 1496 non
737 1419 911 1519 probavit
949 1440 1055 1498 tanto
1082 1438 1252 1518 tempore
1287 1417 1324 1495 se
1351 1416 1547 1518 percepisse
1584 1415 1798 1517 predicta,

452 1549 482 1611 ς,
506 1517 608 1618 quod
635 1543 699 1617 per
724 1520 798 1599 hoc
825 1522 1090 1600 renunciatum
1116 1517 1230 1597 fuerit
1256 1517 1467 1618 privilegiis
1494 1517 1706 1610 libertatie3
1732 1517 1794 1595 secl

451 1666 481 1710 „
505 1639 593 1694 curn
621 1619 667 1696 de
694 1618 876 1718 praediolis
902 1622 944 1698 L.
956 1620 1107 1712 solidis,
1132 1644 1228 1719 quoe
1255 1619 1469 1702 Patriatclta
1497 1620 1646 1718 petebat
1672 1618 1717 1695 ad
1740 1616 1794 1695 in·

451 1715 644 1810 „ditium
671 1718 946 1818 subietlionit,
981 1719 1024 1799 stt
1051 1718 1178 1799 aclum
1213 1722 1263 1799 ab
1288 1719 1402 1820 ipso,
1439 1745 1504 1819 per
1530 1718 1753 1799 sententiam
1780 1771 1799 1813 ‚

391 1879 399 1895 .
450 1867 478 1911 „
503 1840 618 1918 quam
643 1819 751 1919 supet
778 1821 856 1900 hoc
879 1819 1109 1902 contrariam
1136 1820 1377 1920 reportavit,
1404 1822 1502 1921 Papa
1528 1819 1583 1899 ibi
1611 1844 1690 1897 non
1718 1818 1795 1896 adi-

449 1968 479 2010 „
504 1915 576 1996 mit
604 1918 850 2037 potestatem,
876 1920 902 2000 st
929 1924 1006 2002 alio
1033 1922 1112 2021 jure
1139 1922 1184 2001 de
1202 1920 1391 2023 premissis
1417 1922 1598 2006 Lsolidic
1626 1920 1797 2000 voluerit

452 2066 481 2110 „
505 2037 551 2091 ev
579 2042 689 2098 ertrt.
1744 2039 1750 2044 ·

503 2043 589 2198 Nepc
616 2119 702 2200 satit
729 2121 864 2203 habuit
891 2125 1088 2205 Honorius
1115 2124 1194 2205 hac
1221 2119 1375 2222 fecisse,
1401 2122 1464 2203 sed
1488 2123 1550 2204 die
1576 2143 1680 2202 xv11..
1705 2124 1800 2220 ejus}

454 2214 542 2294 dem
579 2220 713 2301 meniis
739 2248 844 2303 novo
870 2228 1096 2327 amplilllmo
1121 2227 1330 2326 diplomate
1353 2253 1398 2306 ea
1433 2224 1564 2304 omnia
1599 2221 1799 2325 privilegia

452 2322 680 2432 renovavit,
705 2324 886 2424 auxitque
900 2353 982 2426 quae
1009 2328 1368 2428 apraedecessoribus'
1385 2327 1797 2414 luisVenetoS.Gcor·,

361 2517 365 2522 ,
449 2438 504 2515 gn
533 2419 770 2503 Monallerio
796 2427 991 2507 retroactis
1017 2428 1253 2528 temporibus
1278 2429 1447 2508 concello
1483 2426 1666 2519 fueraut5
1705 2446 1796 2502 mox

449 2541 553 2635 anno
579 2521 763 2603 Mccxvt.
791 2525 853 2606 die
880 2551 941 2605 xx.
971 2529 1106 2609 Martii
1134 2529 1361 2629 Apostolicie
1387 2528 1525 2607 litteris
1552 2528 1704 2625 Angclo
1728 2526 1798 2603 Ba

449 2643 579 2733 roccio
607 2624 833 2706 Patriarchae
859 2630 1070 2726 eradent,
1097 2630 1134 2713 &
1161 2630 1345 2733 Capitulo
1371 2629 1593 2710 Castellana:
1619 2625 1802 2708 Ecclefiae.

453 2719 577 2816 datu,
601 2728 754 2806 eosdem
780 2733 958 2827 monuit3
983 2753 1026 2809 ut
1046 2730 1163 2827 juxta
1188 2728 1483 2832 consuetudinem
1502 2730 1720 2827 antiquam,
1744 2725 1798 2805 &t

447 2813 627 2934 ballenae
661 2824 897 2926 observatam
923 2828 1093 2910 accedere
1129 2832 1308 2912 deberent
1344 2828 1503 2910 invitm
1539 2827 1590 2907 ad
1624 2847 1818 2926 exequant·

450 2945 685 3001 morientium
713 2924 754 3006 in
783 2928 1018 3012 Monallerio
1040 2935 1075 3012 S.
1097 2933 1282 3033 Georgii,
1302 2932 1353 3013 (s
1375 2926 1465 3018 alim
1483 2926 1572 3010 illue
1597 2925 1712 3007 libere
1738 2954 1798 3016 ec·

450 3018 575 3101 cedere
601 3026 845 3125 permittere3
871 3032 1037 3132 ldipsum
1065 3055 1192 3113 autem
1220 3035 1256 3115 8<
1283 3034 1522 3134 Gregorius,
1556 3031 1622 3132 qui
1648 3029 1798 3130 pridem

448 3145 550 3200 anno
563 3124 771 3241 Mccxxrx.
798 3131 859 3210 die
887 3156 994 3210 rxtx.
1020 3134 1112 3234 Julii
1136 3135 1352 3237 Apostolica
1380 3131 1578 3234 privilegia
1604 3131 1695 3209 huic
1708 3130 1800 3245 Mo·

445 3224 607 3306 nasterto
644 3233 812 3310 concessa
849 3234 1141 3316 confirmaverat
1178 3236 1367 3318 observari
1402 3235 1530 3316 statuit
1563 3231 1790 3333 Aposlolrcrs
1952 3283 1953 3292 r

446 3325 568 3443 literis
607 3332 762 3432 Angelo
787 3333 1013 3415 Patriar'chae
1046 3334 1405 3424 iteratimdievrtr.
1430 3335 1591 3435 Augusti
1627 3330 1798 3428 ejusdcm
1903 3420 1911 3434 α
1952 3407 1953 3426 p

471 3453 538 3506 mr
569 3430 775 3510 Mccxxrx.
805 3434 892 3532 (ll)
919 3438 1026 3516 Dum
1057 3438 1135 3518 haec
1162 3441 1296 3520 Roma
1322 3458 1519 3537 aguntur,
1556 3436 1684 3514 Petrus
1711 3432 1798 3509 Zia·

448 3556 472 3607 n
503 3556 525 3608 ει
546 3532 639 3610 Dux
668 3534 956 3632 venetiarum,
992 3538 1058 3639 qui
1087 3537 1324 3640 amplissimis
1359 3538 1580 3618 muneribus
1607 3530 1801 3616 Monalie·

448 3631 481 3747 ri
511 3655 548 3708 m
578 3631 651 3747 hoc
680 3635 813 3714 vivens
840 3659 1075 3735 ornaverat,
1100 3640 1214 3720 motti
1237 3665 1387 3741 quoque
1402 3639 1610 3738 ,proximus
1637 3634 1711 3735 piis
1734 3656 1799 3709 att·

441 3754 498 3811 xrt
532 3732 712 3834 legans,
745 3737 784 3814 ἃ
811 3738 971 3816 Paulum
1008 3743 1201 3820 Abbatem
1240 3741 1365 3820 virum
1395 3739 1579 3819 Nobilem
1617 3756 1797 3820 extremae

442 3833 516 3913 sua
544 3835 754 3915 voluntatis
780 3861 1053 3937 exequutorem
1083 3840 1271 3937 instituit,
1296 3867 1379 3942 quae
1396 3866 1487 3922 cum
1509 3838 1715 3918 mandasset
1743 3836 1801 3913 in·

437 3934 657 4016 valescentc
685 3940 821 4018 morbo
848 3939 910 4018 die
936 3964 992 4019 xr.
1020 3942 1156 4020 Martii
1194 3969 1296 4026 anno
1329 3969 1434 4042 1229.
1454 3934 1622 4042 feliciter
1647 3938 1716 4036 (ut
1743 3936 1800 4014 ait

442 4035 671 4148 Danuuius)
697 4038 963 4138 expiravit&
990 4041 1033 4119 in
1051 4066 1207 4140 paterne
1222 4037 1387 4144 sepulcro
1412 4043 1511 4143 apud
1537 4043 1573 4122 S.
1586 4037 1800 4137 Georgium

435 4129 616 4244 sepelitur
641 4198 651 4216 .
680 4143 739 4218 Ex
768 4142 949 4221 Dandulo
976 4165 1108 4222 autem
1133 4145 1294 4245 aliisque
1322 4145 1491 4245 probatis
1517 4165 1643 4222 rerum
1674 4142 1798 4246 Vene-

440 4256 567 4316 torum
596 4240 849 4343 Seriptoribus
876 4265 1116 4343 compertum
1144 4245 1231 4339 est,
1260 4246 1412 4325 Petrum
1443 4248 1592 4324 Ducem
1621 4240 1798 4323 abdicato

439 4336 659 4439 Principatu
688 4343 729 4421 in
758 4344 906 4444 proptia
934 4344 1174 4427 habitatione
1202 4347 1376 4446 degisse,
1414 4371 1490 4424 non
1517 4366 1651 4427 autem
1676 4344 1720 4424 in
1746 4343 1800 4423 D.

442 4438 600 4542 Georgii
621 4442 818 4527 Cocoobio
848 4445 1106 4532 Monallicum
1134 4448 1331 4533 cucullum
1361 4445 1549 4527 induisse.
