3934 5342
473 352 682 454 Snncrr
715 362 955 459 Guoaorr
989 365 1258 469 Maronis?
1384 400 1465 488 253

197 512 227 576 it
247 515 327 589 tiit,
346 514 498 577 &semitis
519 520 548 575 in
575 517 656 594 aquit
683 513 841 579 &moleto
891 512 961 573 rarii
994 510 1090 573 nullut
1124 512 1238 576 obfillat
1270 556 1280 573 .
1312 513 1399 577 Salva
1432 531 1530 575 tamen

199 593 296 663 dinis,
316 593 342 649 dr
362 594 492 651 omnibus
513 594 577 652 aliis
607 593 787 652 libertatibus
813 594 841 651 dr
891 587 1003 664 justicia
1030 586 1147 648 illarum
1174 590 1362 653 Ecclefiarum
1390 592 1530 668 aquibot

200 668 433 728 immunitatibut
451 670 521 728 suit.
542 675 613 729 Sane
634 669 778 729 novalium
794 688 841 729 ve·
890 679 1071 724 mortuorum
1092 684 1216 741 corpora
1230 669 1452 728 assummuntur.
1472 673 1530 726 De·
1624 714 1626 719 .

203 743 397 819 litorumque
418 748 541 821 propriis
562 745 840 805 manibuttutsum·
888 742 977 805 timet
1006 754 1137 816 preterea
1164 742 1190 800 st
1218 745 1395 825 polseffionet
1422 743 1459 803 ad
1487 744 1531 817 iut

200 819 295 893 pribur
317 821 439 893 colitis,
459 825 494 879 de
514 823 615 898 quibut
628 820 730 897 aliquit
744 821 838 880 hasie-
887 815 1077 877 Faecleiiarum
1099 810 1255 881 vestrarum
1282 819 1456 893 (ριᾶιιιιιι,
1475 837 1532 952 qim

199 913 252 950 nur
273 913 328 952 non
350 901 511 973 perceperit
532 898 589 957 fine
605 886 839 957 tradieiione'ali.
889 892 1013 953 dlaicir
1039 890 1231 967 detinentur,
1264 896 1467 956 redimendi&
1502 914 1531 955 e·

198 987 253 1042 qua
287 974 428 1033 retinere.
459 975 639 1033 prohibemur
660 972 772 1050 insuper
804 972 838 1034 de
889 969 994 1047 girime
1020 966 1161 1031 liberandi
1195 970 1229 1032 de
1263 972 1393 1031 manibut
1428 986 1531 1031 eorum

198 1042 355 1105 vetitorum
377 1052 545 1111 animalium
573 1053 756 1109 nutrimentis
776 1051 838 1108 nul·
889 1048 916 1103 dt
937 1045 974 1105 td
995 1036 1132 1107 Ecclesiat
1153 1046 1191 1108 ad
1218 1066 1288 1126 quat
1346 1051 1457 1108 rtinent
1485 1062 1532 1107 re·

187 1116 241 1176 lar
269 1141 288 1179 a
322 1125 400 1183 tobit
427 1128 552 1186 decimat
578 1133 691 1206 exigere
719 1127 763 1185 tel
792 1147 838 1185 et·
889 1123 1011 1182 vocandi
1033 1123 1124 1185 libera
1142 1123 1178 1185 fit
1199 1125 1280 1185 vobit
1320 1146 1335 1185 e
1362 1120 1458 1183 nostra
1478 1136 1533 1184 all·

193 1201 766 1339 lolliclt‘lllnllf‘lllttlt
786 1222 837 1339 Is
886 1198 1211 1353 llillllttlln
1242 1202 1533 1337 llll‘ds‘ln‘

189 1344 300 1407 solutos
328 1373 344 1411 e
371 1353 466 1413 seculo
493 1356 633 1434 sugientet
654 1359 691 1416 td
712 1375 834 1416 contet·
886 1373 948 1412 rum
982 1352 1114 1431 quolibet
1147 1352 1332 1431 successorum
1360 1354 1457 1412 nullut
1485 1354 1529 1411 ibi

189 1421 299 1484 fionem
321 1432 448 1504 recipere
470 1432 495 1489 dr
517 1452 565 1491 eot
592 1432 695 1509 absque
716 1448 833 1495 eontra-
883 1429 1013 1504 qualibet
1042 1429 1227 1505 surreptionis
1254 1430 1360 1491 aliucia
1388 1430 1433 1489 seu
1462 1432 1529 1488 vio·

186 1497 316 1588 disiione
343 1506 442 1582 aliqua
472 1511 597 1568 retinere
618 1550 627 1567 .
650 1510 832 1569 prohibemus
884 1506 974 1566 lentia
1004 1524 1179 1584 preponatur
1214 1506 1264 1566 nili
1299 1526 1382 1583 quern
1410 1510 1530 1565 Fratres

185 1576 304 1651 insuper
332 1598 364 1638 ut
392 1581 489 1641 nullut
516 1584 639 1644 srattum
676 1584 831 1646 vestrorum
882 1587 1026 1642 communi
1048 1581 1181 1642 consensu
1209 1583 1253 1641 tel
1282 1582 1405 1641 fratrum
1433 1580 1529 1654 maior

185 1651 376 1725 politanam
399 1661 427 1716 in
450 1660 626 1720 Monastetio
653 1661 747 1720 telino
769 1682 832 1739 pro·
883 1677 948 1732 patr
969 1658 1080 1718 confilii
1108 1658 1227 1717 samoris
1258 1654 1408 1718 secundum
1429 1662 1529 1737 Deum

120 1752 123 1759 ¹
185 1725 339 1790 sessionem
368 1734 411 1792 sar
440 1735 474 1794 su
504 1734 566 1796 fine
589 1737 706 1797 abbatis
728 1738 768 1797 sui
796 1739 833 1798 li·
882 1735 908 1791 dt
937 1736 1015 1795 litati
1046 1734 1186 1794 murdim
1229 1737 1356 1815 regulam
1392 1733 1529 1811 provide·

187 1808 289 1865 centia
318 1810 377 1868 nifi·
398 1808 514 1870 artioris
543 1812 689 1889 religionir
709 1815 831 1876 obtentu
881 1811 942 1869 tint
963 1810 1151 1902 eligendum.
1178 1813 1243 1870 l’aci
1264 1830 1378 1889 quoque
1398 1811 1425 1869 ἃ
1444 1828 1528 1871 trao-

183 1878 219 1939 de
248 1886 350 1944 eodem
379 1886 445 1946 loco
471 1889 613 1949 discedere
639 1889 831 1952 discedentem
902 1886 1013 1947 uilitatr
1051 1888 1139 1948 vestre
1175 1905 1295 1963 paterna
1323 1892 1352 1947 in
1382 1887 1527 1963 posterum

183 1972 253 2013 vero
276 1960 382 2037 absque
394 1968 588 2025 communium
604 1963 768 2027 litterarum
784 1988 830 2028 ue·
893 1962 1064 2025 olicitudint
1093 1964 1242 2040 providere
1271 1960 1400 2023 tolentes
1427 1963 1526 2023 aueto-

181 2029 307 2092 sirarum
326 2042 462 2100 cautione
483 2041 577 2102 nullut
598 2044 702 2102 audeat
724 2047 829 2104 retine·
881 2043 969 2101 ritate
999 2039 1163 2117 Apostolica
1192 2040 1398 2116 prohibemur,
1420 2056 1452 2099 ut
1480 2042 1526 2097 in·

181 2125 236 2165 re.
257 2114 332 2169 Corn
358 2134 455 2175 autem
483 2118 616 2197 generale
645 2120 828 2182 interdisium
878 2109 924 2176 sra
963 2112 1107 2177 clausurae
1147 2115 1277 2177 locorum
1304 2117 1351 2178 seu
1391 2117 1524 2195 grangia·

180 2196 259 2243 terre
286 2184 374 2249 suerit
402 2192 490 2253 liceat
518 2197 599 2255 vobit
629 2195 719 2269 ianuis
747 2198 827 2257 clau·
880 2212 941 2252 ruut
978 2191 1134 2254 velitatum
1170 2193 1266 2255 nullut
1309 2194 1439 2269 rapinam
1473 2192 1521 2250 seu

178 2257 217 2349 fit
237 2263 358 2324 exclusis
379 2273 636 2333 excommunicatit
657 2275 682 2329 a
706 2275 827 2333 interdi.
877 2269 988 2329 surtutn
1026 2271 1119 2331 streete
1149 2264 1244 2330 inem
1279 2288 1423 2346 apponere
1457 2268 1523 2329 san·

177 2334 231 2392 din
260 2345 466 2431 nonpulsatis
502 2352 649 2424 campanie
684 2349 826 2424 suppressa
875 2350 993 2425 guinem
1023 2346 1141 2407 sundere
1159 2289 1308 2406 {ominem
1335 2364 1444 2405 temere
1471 2363 1519 2403 ca·

177 2424 252 2471 voce
272 2416 372 2479 dittna
401 2422 501 2481 officia
522 2423 668 2485 celebrare
695 2427 825 2486 dummo-
876 2440 943 2498 pete
978 2423 1023 2483 vel
1065 2421 1230 2483 interficere
1263 2422 1309 2482 feu
1331 2421 1519 2482 'violentiam

176 2487 219 2621 ἓν
250 2493 363 2553 causam
398 2517 455 2557 oon
485 2499 623 2560 dederitir
651 2504 825 2562 interdicto⁴
875 2502 980 2559 audeat
1007 2518 1141 2561 exercere
1169 2540 1177 2556 .
1205 2504 1337 2558 l‘reterea
1363 2516 1462 2558 omnes
1482 2496 1518 2555 li·

204 2584 216 2619 s

220 2566 292 2626 itma
329 2590 398 2629 vero
430 2575 532 2636 Oleum
564 2578 696 2636 Sansium
730 2579 825 2640 eonse-
875 2576 1049 2636 bertatet&
1078 2576 1315 2655 immunitatera
1364 2575 1519 2633 redecelso·

177 2645 325 2702 crarioner
347 2651 492 2710 altarium
513 2652 558 2713 seu
580 2654 763 2714 basilicarum
778 2674 823 2716 or·
874 2651 951 2711 tibus
979 2653 1082 2712 nostrit
1097 2655 1233 2712 llontanir
1248 2594 1434 2712 Pontiaecibut
1449 2653 1517 2708 ltlo·
1636 2706 1646 2721 ,

172 2716 339 2781 dmrriones
365 2727 545 2788 Clericotum
572 2732 621 2806 qui
649 2732 686 2789 ad
706 2733 821 2792 ordinet

150 2791 283 2883 ¹suerint
321 2806 509 2874 promovendi
536 2823 553 2864 a
582 2806 742 2867 Diocesano
775 2808 817 2867 su·

171 2867 299 2946 sctpietir
337 2877 475 2954 Episcopo
510 2879 647 2957 stquidem
687 2883 817 2943 Catholi-

170 2962 221 3005 cut
252 2948 395 3012 suerit&
426 2958 551 3034 gratiam
580 2959 606 3015 dr
635 2963 815 3019 communio-

169 3040 236 3112 nem
259 3028 441 3091 sacrosancte
462 3037 590 3092 Romane
611 3036 688 3092 tedis
709 3036 815 3096 habue-

167 3114 209 3157 ιιι
237 3100 265 3156 dr
287 3120 321 3161 ea
343 3105 425 3162 tobit
446 3105 570 3167 uoluerit
600 3111 656 3169 srne
686 3114 815 3186 prauita-

169 3187 200 3232 te
231 3176 333 3255 aliqua
360 3181 495 3241 exbibete
532 3187 716 3261 prohibemur
742 3190 815 3248 instr-

167 3267 219 3324 per
256 3269 289 3311 ιιι
325 3257 403 3316 insta
435 3259 505 3319 sinet
540 3263 689 3322 l‘trrrocbie
724 3265 815 3325 vestre

166 3326 188 3387 fi
217 3347 283 3389 etto
318 3332 478 3394 habueritit
505 3336 601 3396 oulltt
635 3340 693 3397 line
722 3344 813 3401 asseu-

164 3402 194 3463 su
222 3408 376 3471 Diocesani
412 3413 542 3489 Episcopi
576 3414 603 3473 de
639 3417 730 3476 vetito
756 3422 813 3479 Ca·

163 3478 272 3556 pellam
293 3485 339 3543 seu
365 3494 527 3549 oratorium
554 3490 589 3549 de
611 3511 689 3551 noro
708 3495 812 3554 consii-

163 3569 249 3616 tuere
277 3561 406 3624 audeat.
432 3564 524 3625 Salvis
552 3568 711 3646 privilegiis
740 3575 810 3629 Pon·

873 2729 997 2787 ualterio
1024 2729 1117 2788 teliro
1144 2731 1303 2799 concessas,
1325 2747 1378 2786 nec
1400 2747 1456 2785 non
1479 2726 1517 2784 li·

871 2803 998 2863 bertatet
1024 2806 1221 2881 exemptioner
1247 2803 1415 2862 secularium
1449 2821 1516 2862 eta·

869 2880 1026 2941 dionunt
1055 2881 1167 2959 tegibus
1185 2882 1218 2956 2&
1246 2879 1454 2955 principbur,
1486 2879 1515 2937 dc

868 2956 933 3014 aliis
960 2955 1091 3017 fidelibus
1119 2957 1335 3016 rationabiliter
1357 2955 1437 3013 unbir
1468 2954 1515 3012 in·

866 3032 961 3093 dultat
989 3034 1162 3093 audoritate
1179 3031 1338 3108 {spostolicae
1359 3029 1540 3099 confirmo,

867 3127 929 3173 mut
950 3112 975 3168 ἃ
998 3111 1134 3187 presentis
1146 3108 1244 3184 scripti
1260 3108 1413 3186 privilegio
1432 3125 1513 3166 com·

866 3190 1011 3257 munimur
1037 3228 1048 3245 .
1075 3187 1262 3261 Decernimut
1288 3203 1358 3264 ergo
1386 3199 1417 3243 tt
1446 3184 1513 3242 nul⁴

866 3260 888 3321 li
916 3265 1039 3334 omnino
1063 3263 1212 3322 hominurn
1246 3261 1334 3321 liceat
1363 3260 1513 3333 prefatum

865 3337 1072 3399 Monasteritttrt
1108 3354 1215 3398 temere
1253 3337 1421 3412 perturbare
1456 3349 1509 3394 aut
1552 3382 1554 3387 .

863 3416 924 3488 ejus
960 3414 1137 3490 podesfionet
1170 3411 1293 3476 aufferre
1315 3410 1361 3471 tel
1394 3410 1510 3471 ablatae

864 3494 991 3551 retinere
1020 3495 1149 3552 minuere
1175 3489 1222 3550 seu
1256 3486 1431 3567 quibutlibet
1459 3503 1510 3545 te·

862 3569 1026 3629 rationibus
1053 3568 1179 3646 strigare
1212 3563 1258 3624 sed
1299 3567 1398 3625 omnia
1433 3565 1509 3623 inte·

162 3633 277 3694 tificum
305 3642 500 3701 Romanorum
528 3644 563 3702 td
585 3644 638 3703 bec
666 3664 756 3705 notat
781 3648 809 3706 dc
858 3663 911 3722 gra
937 3644 1141 3705 conserventur
1168 3661 1268 3704 eorum
1303 3659 1355 3716 pro
1381 3658 1507 3718 quorum

162 3709 309 3800 indebitae
343 3720 505 3778 extilionet
539 3717 576 3779 ab
611 3723 809 3797 Archiepisco-
860 3721 1071 3799 gubernatione
1105 3738 1140 3780 tc
1181 3712 1403 3779 substentatione
1437 3736 1508 3776 con·

163 3805 207 3877 prr
235 3787 614 3877 Episcopitllrchiditconit
641 3798 688 3856 seu
714 3803 809 3859 Deca-
861 3798 934 3858 celsa
969 3798 1034 3857 sunt
1070 3797 1162 3857 usibut
1196 3791 1371 3854 omnimodis
1406 3793 1507 3869 prosu·

162 3882 207 3920 nrt
228 3862 351 3939 alurque
377 3872 510 3930 omnibut
540 3871 742 3934 Ecciefiasiicit
768 3877 811 3935 se·
862 3893 930 3934 tuta
956 3873 1041 3933 Salva
1076 3875 1153 3933 Sedit
1189 3864 1349 3947 llpoliolice
1383 3868 1507 3926 auclori·

161 3938 346 3998 cularibuste
373 3944 498 4017 perstnit
526 3966 544 4006 a
581 3950 662 4007 tobis
689 3953 811 4011 omnino
861 3965 923 4009 tate
957 3952 982 4007 lit
1011 3946 1162 4008 Diocesani
1197 3942 1327 4020 Episcoi
1354 3946 1505 4001 Cnnonica

160 4012 224 4074 fieri
255 4019 461 4091 probibemut.
487 4022 668 4099 sepulturam
694 4046 809 4104 quoque
861 4026 972 4102 judicia
1005 4026 1031 4083 ἃ
1059 4023 1088 4082 iu
1139 4021 1252 4082 redistis
1326 4018 1408 4078 cimic
1443 4032 1505 4077 nro-

161 4092 247 4168 ipsiur
283 4092 341 4155 ioci
370 4096 491 4158 liberam
525 4101 578 4158 eise
599 4101 809 4178 decernimur,
859 4100 1012 4161 deratione
1038 4044 1155 4158 conciiii
1182 4097 1359 4185 generalis..
1390 4096 1416 4153 Si
1436 4096 1502 4173 quit

161 4185 195 4228 ιιι
229 4190 329 4231 ιοιιιιιι
358 4173 508 4234 devotioni
543 4178 570 4235 de
603 4193 733 4238 extreme
760 4199 809 4240 to-
860 4179 951 4257 igitur
986 4179 1016 4236 in
1045 4176 1174 4235 sutorum
1202 4170 1397 4232 Ecclesiastrca
1422 4172 1503 4230 secu·

161 4244 273 4305 luntati
300 4252 349 4325 qui
386 4251 449 4310 illic
483 4252 509 4313 se
546 4251 670 4328 sepelliri
702 4254 809 4318 delibe·
860 4255 968 4315 larirre
1000 4248 1117 4328 persona
1143 4251 1217 4310 hanc
1246 4250 1338 4308 nostre
1365 4247 1502 4307 conditu-

160 4338 300 4381 raterunt
322 4326 373 4386 nisi
395 4328 473 4388 sorte
500 4332 744 4392 ttcommunicati
761 4331 807 4394 vei
859 4333 948 4390 tionis
970 4331 1104 4408 paginam
1130 4326 1220 4385 scient
1246 4343 1349 4387 contra
1376 4342 1440 4384 eam
1460 4339 1504 4380 te·

161 4399 308 4459 interdicti
335 4400 391 4464 siut
419 4411 580 4469 autetiam
608 4408 723 4487 publice
745 4409 807 4471 usu·
857 4426 935 4470 mere
963 4409 1061 4470 venire
1088 4405 1277 4482 temptaverit
1303 4402 1430 4487 secundo
1446 4414 1505 4457 ter·

1403 4493 1463 4536 cro·
