3934 5342
520 363 578 468 96
761 365 864 452 Du
923 360 1500 478 Moirnsraiero

705 589 806 675 uu
858 541 1549 680 TR-ANSLAT'IONE

456 803 1336 928 sriioffloiiinuriiiiis
1366 796 1799 982 sruriinur

477 1045 481 1124 ἱ
577 1021 580 1030 ’
628 1043 712 1151 De
750 1025 1216 1195 Constantinopoli
1258 1042 1314 1154 iu
1354 1015 1635 1162 Venetias.

403 1369 412 1382 ι
457 1375 485 1425 ,,
612 1322 720 1403 Uum
745 1322 792 1405 de
818 1321 1030 1405 sandomm
1056 1323 1166 1414 disiis
1191 1326 1254 1407 vel
1278 1324 1388 1428 gellis
1412 1321 1556 1429 aliquid
1573 1317 1797 1412 scribimus,

456 1476 485 1526 ‚,
554 1525 562 1538 .
638 1444 704 1539 aut
740 1447 947 1541 utcumque
972 1426 1084 1508 aliter
1109 1426 1288 1529 agimus,
1325 1427 1387 1508 vel
1412 1425 1479 1530 qui
1505 1425 1551 1503 de
1578 1418 1792 1500 lansiorum

353 1637 357 1644 Ι
455 1577 485 1628 ‚‚
508 1525 706 1606 miraculis
731 1526 898 1627 aliquam
936 1527 1133 1610 scientiam
1169 1528 1315 1608 sumere
1352 1528 1514 1607 nitimur
1550 1545 1680 1602 curare
1719 1518 1790 1596 sol·

455 1676 485 1726 „
507 1624 624 1705 letter
647 1626 860 1726 debemus,
895 1646 939 1707 ut
965 1628 1061 1708 viria
1086 1628 1290 1727 vitemus,
1325 1630 1363 1709 8(
1387 1625 1604 1707 sansiorum
1633 1619 1794 1702 virtutes

454 1778 484 1827 ,‚
507 1725 810 1842 devoto-corde,
835 1729 873 1845 8(
898 1752 964 1808 ore
991 1728 1207 1810 imitemur.
1234 1730 1275 1812 Si
1299 1727 1536 1814 enimvitiis
1561 1719 1794 1815 obsistimus,

407 1871 411 1880 ·
453 1878 486 1928 ‚,
506 1826 544 1905 8<
569 1826 597 1906 si
623 1849 811 1944 virtutum
838 1853 931 1946 1⁰5²,
943 1830 1190 1931 assequimur,
1218 1853 1310 1911 tunc
1336 1828 1492 1930 Chrylli
1519 1825 1713 1917 militum,
1739 1819 1793 1899 iii·

452 1980 482 2029 „
507 1946 546 2007 te
569 1949 784 2045 notitiam,
819 1950 957 2014 notitie
982 1932 1223 2027 certamina,
1246 1932 1498 2013 certaminum
1527 1923 1791 2016 tolerantiam,

449 2079 481 2132 ,‚
505 2029 782 2132 tolerantieque
809 2031 1014 2147 miracula,
1038 2032 1257 2134 &prodigia
1282 2032 1464 2112 attentius
1485 2026 1726 2128 colligimus,
1751 2021 1789 2101 8(

441 2147 480 2231 ·,,
502 2129 550 2207 ad
575 2152 710 2245 eorum
736 2130 891 2248 vestigia
915 2131 1107 2212 ardentius
1134 2133 1450 2215 transcendimus.
1479 2132 1639 2211 Illorum
1661 2146 1790 2204 autem

452 2280 481 2334 ‚,
506 2227 618 2309 sortia
643 2232 708 2311 vel
743 2256 840 2311 mira
863 2253 977 2334 arque
1012 2233 1189 2313 sublimia
1214 2234 1449 2335 Christyano
1476 2231 1555 2331 jure
1581 2226 1754 2310 audimus
1779 2249 1791 2303 a

449 2375 478 2434 ·,‚
502 2328 530 2408 si
556 2355 622 2433 ner
647 2355 691 2411 ea
715 2356 789 2434 que
814 2333 861 2412 de
886 2335 954 2451 eis·
967 2333 1220 2437 intelligimus
1237 2390 1250 2434 ,
1269 2336 1454 2438 ‚humiles
1478 2335 1549 2412 elle
1576 2327 1752 2410 discimus
1776 2374 1791 2420 ‚

450 2481 479 2536 „
504 2430 541 2509 8(
564 2430 594 2510 fi
619 2456 752 2513 eorum
779 2436 981 2516 tolerantie
1006 2436 1246 2534 adherendo,
1269 2435 1444 2517 fortiores
1463 2431 1676 2515 reddimur.
1703 2428 1791 2506 San·

448 2581 479 2636 „
503 2529 652 2646 ssorum
678 2561 1020 2653 namquevcampos
1045 2539 1196 2637 quando
1221 2538 1490 2641 ingredimur,
1525 2531 1626 2636 quasi
1652 2530 1697 2608 de
1723 2522 1790 2626 spi·

449 2682 479 2738 ‚,
504 2635 686 2749 nisnrosas
712 2639 979 2738 decerpimus.
1000 2639 1138 2720 ·Omni
1164 2639 1258 2741 ergo'
1281 2665 1371 2719 cura
1397 2639 1627 2735 discretaque
1654 2626 1789 2710 sollici·

448 2783 477 2838 ‚,
502 2734 635 2813 tudine
660 2736 714 2817 est
739 2739 1050 2839 procurandum,
1088 2760 1130 2820 ut
1156 2740 1193 2819 8(
1218 2742 1320 2841 quod
1355 2740 1500 2822 redolet
1525 2735 1750 2834 colligamus
1774 2782 1790 2823 ‚

449 2885 478 2939 ‚,
503 2833 542 2911 8(
565 2836 669 3013 quod
694 2838 829 2939 pungit
848 2865 1081 2938 caveamus,
1115 2842 1205 2943 quia
1229 2840 1385 2922 fortassis
1421 2839 1447 2920 si
1474 2833 1686 2940 improvide
1710 2829 1790 2910 vite

382 2955 389 2968 ·
449 2984 478 3044 ‚2
503 2935 566 3013 san
604 2940 853 3055 orumflores
877 2942 1097 3043 colligimus
1122 2967 1259 3024 manus
1283 2942 1408 3023 nostra
1433 2942 1583 3022 incaute
1603 2933 1789 3034 colligens

450 3084 479 3137 ,‚
505 3059 655 3132 morum
683 3040 1085 3159 spinaolacerabitur.
1123 3046 1242 3125 Nunc
1269 3044 1329 3126 liis
1366 3044 1480 3125 finem
1508 3039 1717 3143 poninus,
1751 3032 1790 3110 8(

450 3186 479 3240 ,‚
504 3137 700 3254 transimus
725 3143 859 3257 adid,
885 3145 1034 3249 dequo
1060 3146 1295 3227 intendimus
1321 3170 1369 3229 ne
1393 3145 1421 3225 si
1448 3147 1494 3225 de
1521 3142 1580 3222 his
1606 3134 1793 3242 prolixius

448 3286 477 3340 ‚,
503 3261 692 3356 egerimus
717 3268 874 3325 animus
893 3247 1072 3363 litigetur
1090 3245 1337 3330 audientium
1364 3307 1374 3327 .
1401 3251 1588 3349 Optamus
1614 3237 1791 3341 equidem

447 3388 476 3441 „
501 3339 647 3456 aliquid
670 3343 716 3423 de
743 3348 987 3428 translatione
1013 3350 1180 3452 corporis
1205 3348 1333 3431 Sanni
1343 3349 1524 3450 Stephani
1549 3342 1790 3424 Prothomar·

447 3489 476 3542 ‚‚
502 3459 632 3540 tyris,
667 3444 871 3565 secundum
893 3450 1018 3530 nostre
1036 3453 1192 3534 scientie
1213 3451 1516 3533 mediocritatem
1542 3468 1675 3547 agere,
1699 3462 1793 3539 quo-

447 3590 476 3641 ‚2
502 3541 618 3622 modo
644 3547 707 3623 vel
723 3573 810 3660 ,quo
836 3574 876 3628 in
904 3570 1076 3654 tempore
1100 3552 1436 3653 Constantinopoli
1456 3551 1498 3631 in
1525 3541 1705 3627 Venerius
1731 3538 1790 3616 de·

446 3690 475 3741 ,2
500 3638 576 3718 late
602 3641 673 3722 sint
699 3669 776 3743 eius
803 3649 1053 3748 gloriosissimi
1073 3654 1242 3755 corporis
1269 3653 1458 3753 reliquie.
1484 3654 1669 3729 Attamen
1685 3663 1787 3821 guo·

447 3790 476 3843 ‚‚
501 3742 617 3858 modo
636 3747 860 3861 translatum
887 3751 1001 3832 fuerit
1011 3781 1147 3857 corpus
1173 3745 1674 3851 ejusdemProthomartyris
1724 3763 1789 3819 ou·

446 3891 475 3943 ‚‚
500 3840 786 3960 stantinopolim
812 3874 861 3928 cx
888 3855 1189 3950 Hierosolimis‚
1223 3854 1325 3957 prius
1353 3854 1518 3935 breviter
1544 3849 1705 3951 quedam
1733 3841 1788 3918 in·

446 3993 474 4044 „
499 3943 738 4061 cesserimus,
765 3970 807 4028 ut
833 3950 880 4030 sic
901 3955 1238 4057 quasiquibusdam
1264 3949 1684 4057 argumentationibus,
1709 3940 1788 4022 evi·

446 4093 475 4144 „
498 4043 650 4161 deutrus
676 4048 921 4134 confirmetur
946 4058 1049 4157 quod
1073 4057 1273 4137 dicimus.
1311 4059 1396 4137 Nec
1423 4054 1475 4135 est
1511 4045 1789 4154 reprobandum

445 4201 475 4248 „
498 4145 561 4223 vel
583 4148 894 4263 infirmandum,
930 4156 1056 4258 siqua
1083 4159 1130 4237 de
1155 4156 1315 4259 Chrysti
1342 4156 1514 4237 militum
1549 4150 1695 4230 adibus
1720 4144 1791 4222 im·

444 4267 627 4345 „meriti
654 4269 905 4353 temptamus,
931 4257 1021 4356 quia
1046 4259 1183 4338 &Saul
1210 4260 1326 4339 etiam
1353 4259 1425 4338 suit
1451 4259 1493 4336 in
1519 4275 1681 4335 numero
1707 4270 1789 4346 pro

443 4398 471 4448 „
496 4345 717 4454 phetarum.
745 4357 830 4437 Nec
855 4356 908 4439 est
934 4358 1150 4444 mirandum
1176 4359 1340 4448 sinicii
1365 4357 1556 4444 &isidorii
1581 4354 1629 4433 de
1655 4343 1790 4428 sansiis

487 4509 491 4520 ·
1613 4506 1641 4554 „
1664 4473 1740 4530 iiia·
