<?xml version="1.0" encoding="UTF-8"?>
<!DOCTYPE html PUBLIC "-//W3C//DTD XHTML 1.0 Transitional//EN"
    "http://www.w3.org/TR/xhtml1/DTD/xhtml1-transitional.dtd">
<html xmlns="http://www.w3.org/1999/xhtml" xml:lang="en" lang="en">
 <head>
  <title>
</title>
<meta http-equiv="Content-Type" content="text/html;charset=utf-8" />
  <meta name='ocr-system' content='tesseract 3.04.00' />
  <meta name='ocr-capabilities' content='ocr_page ocr_carea ocr_par ocr_line ocrx_word'/>
</head>
<body>
  <div class='ocr_page' id='page_1' title='image "./ecclesiaeveneta00unkngoog_0161.png"; bbox 0 0 3934 5342; ppageno 0'>
   <div class='ocr_carea' id='block_1_1' title="bbox 451 312 1452 474">
    <p class='ocr_par' dir='ltr' id='par_1_1' title="bbox 451 312 1452 474">
     <span class='ocr_line' id='line_1_1' title="bbox 451 312 1452 474; baseline 0.005 -48"><span class='ocrx_word' id='word_1_1' title='bbox 451 312 1226 474; x_wconf 26' lang='lat' dir='ltr'>Ssucchnottor1M&#39;tJoarc.</span> <span class='ocrx_word' id='word_1_2' title='bbox 1372 372 1452 457; x_wconf 78' lang='lat'>153</span> 
     </span>
    </p>
   </div>
   <div class='ocr_carea' id='block_1_2' title="bbox 657 527 1043 678">
    <p class='ocr_par' dir='ltr' id='par_1_2' title="bbox 657 527 1043 678">
     <span class='ocr_line' id='line_1_2' title="bbox 657 527 1043 678; baseline -0.005 -43"><span class='ocrx_word' id='word_1_3' title='bbox 657 527 846 678; x_wconf 84' lang='lat' dir='ltr'>incipit</span> <span class='ocrx_word' id='word_1_4' title='bbox 887 527 1043 635; x_wconf 87' lang='lat' dir='ltr'>Vita.</span> 
     </span>
    </p>
   </div>
   <div class='ocr_carea' id='block_1_3' title="bbox 175 781 1592 4099">
    <p class='ocr_par' dir='ltr' id='par_1_3' title="bbox 175 781 1592 4099">
     <span class='ocr_line' id='line_1_3' title="bbox 231 781 1520 887; baseline 0.007 -21"><span class='ocrx_word' id='word_1_5' title='bbox 231 841 260 884; x_wconf 85' lang='lat'>„</span> <span class='ocrx_word' id='word_1_6' title='bbox 285 781 591 885; x_wconf 68' lang='lat' dir='ltr'>sananiraque</span> <span class='ocrx_word' id='word_1_7' title='bbox 617 806 721 887; x_wconf 84' lang='lat' dir='ltr'>pater</span> <span class='ocrx_word' id='word_1_8' title='bbox 745 804 977 884; x_wconf 86' lang='lat' dir='ltr'>magnusque</span> <span class='ocrx_word' id='word_1_9' title='bbox 1003 781 1250 881; x_wconf 63' lang='lat' dir='ltr'>Eustasius,</span> <span class='ocrx_word' id='word_1_10' title='bbox 1274 787 1379 886; x_wconf 85' lang='lat' dir='ltr'>cujus</span> <span class='ocrx_word' id='word_1_11' title='bbox 1405 787 1520 874; x_wconf 83' lang='lat' dir='ltr'>bodie</span> 
     </span>
     <span class='ocr_line' id='line_1_4' title="bbox 181 883 1525 987; baseline 0.002 -22"><span class='ocrx_word' id='word_1_12' title='bbox 181 898 213 986; x_wconf 81' lang='lat'>„¹</span> <span class='ocrx_word' id='word_1_13' title='bbox 229 883 948 987; x_wconf 42' lang='lat' dir='ltr'>,smaeeubramusmagniramporibus</span> <span class='ocrx_word' id='word_1_14' title='bbox 961 883 1067 963; x_wconf 82' lang='lat' dir='ltr'>Thio</span> <span class='ocrx_word' id='word_1_15' title='bbox 1079 884 1094 983; x_wconf 90' lang='lat'>(</span> <span class='ocrx_word' id='word_1_16' title='bbox 1106 912 1127 962; x_wconf 83' lang='lat'><em>2</em></span> <span class='ocrx_word' id='word_1_17' title='bbox 1138 883 1152 980; x_wconf 80' lang='lat' dir='ltr'>l</span> <span class='ocrx_word' id='word_1_18' title='bbox 1163 886 1302 984; x_wconf 81' lang='lat' dir='ltr'>quond.</span> <span class='ocrx_word' id='word_1_19' title='bbox 1329 889 1525 987; x_wconf 70' lang='lat' dir='ltr'>pernobili¹</span> 
     </span>
     <span class='ocr_line' id='line_1_5' title="bbox 181 984 1532 1087; baseline 0.003 -22"><span class='ocrx_word' id='word_1_20' title='bbox 181 1042 211 1086; x_wconf 88' lang='lat'>„</span> <span class='ocrx_word' id='word_1_21' title='bbox 235 986 392 1086; x_wconf 64' lang='lat' dir='ltr'>litigia,</span> <span class='ocrx_word' id='word_1_22' title='bbox 418 1011 513 1087; x_wconf 86' lang='lat' dir='ltr'>pago</span> <span class='ocrx_word' id='word_1_23' title='bbox 539 1008 691 1066; x_wconf 82' lang='lat' dir='ltr'>exortus</span> <span class='ocrx_word' id='word_1_24' title='bbox 716 985 872 1067; x_wconf 83' lang='lat' dir='ltr'>claruit.</span> <span class='ocrx_word' id='word_1_25' title='bbox 898 984 1017 1064; x_wconf 88' lang='lat' dir='ltr'>Hunc</span> <span class='ocrx_word' id='word_1_26' title='bbox 1040 986 1258 1087; x_wconf 85' lang='lat' dir='ltr'>parentes&amp;</span> <span class='ocrx_word' id='word_1_27' title='bbox 1282 1011 1420 1087; x_wconf 81' lang='lat' dir='ltr'>genere</span> <span class='ocrx_word' id='word_1_28' title='bbox 1441 1015 1532 1086; x_wconf 57' lang='lat' dir='ltr'>nore</span> 
     </span>
     <span class='ocr_line' id='line_1_6' title="bbox 185 1085 1529 1190; baseline 0.004 -27"><span class='ocrx_word' id='word_1_29' title='bbox 185 1086 426 1187; x_wconf 84' lang='lat' dir='ltr'>„ignobiles</span> <span class='ocrx_word' id='word_1_30' title='bbox 451 1089 488 1164; x_wconf 80' lang='lat'>8&lt;</span> <span class='ocrx_word' id='word_1_31' title='bbox 514 1086 600 1166; x_wconf 85' lang='lat' dir='ltr'>fidei</span> <span class='ocrx_word' id='word_1_32' title='bbox 628 1087 769 1168; x_wconf 84' lang='lat' dir='ltr'>virtute</span> <span class='ocrx_word' id='word_1_33' title='bbox 795 1085 996 1186; x_wconf 80' lang='lat' dir='ltr'>praeclari,</span> <span class='ocrx_word' id='word_1_34' title='bbox 1030 1110 1149 1186; x_wconf 91' lang='lat' dir='ltr'>quum</span> <span class='ocrx_word' id='word_1_35' title='bbox 1174 1086 1216 1164; x_wconf 91' lang='lat' dir='ltr'>in</span> <span class='ocrx_word' id='word_1_36' title='bbox 1242 1086 1376 1167; x_wconf 76' lang='lat' dir='ltr'>saneiis</span> <span class='ocrx_word' id='word_1_37' title='bbox 1401 1089 1529 1190; x_wconf 60' lang='lat' dir='ltr'>operi?</span> 
     </span>
     <span class='ocr_line' id='line_1_7' title="bbox 182 1184 1525 1291; baseline 0.004 -26"><span class='ocrx_word' id='word_1_38' title='bbox 182 1241 211 1287; x_wconf 86' lang='lat'>‚,</span> <span class='ocrx_word' id='word_1_39' title='bbox 235 1190 305 1265; x_wconf 91' lang='lat' dir='ltr'>bus</span> <span class='ocrx_word' id='word_1_40' title='bbox 329 1212 373 1266; x_wconf 90' lang='lat' dir='ltr'>ac</span> <span class='ocrx_word' id='word_1_41' title='bbox 400 1187 590 1268; x_wconf 73' lang='lat' dir='ltr'>senestute</span> <span class='ocrx_word' id='word_1_42' title='bbox 614 1191 713 1267; x_wconf 89' lang='lat' dir='ltr'>bona</span> <span class='ocrx_word' id='word_1_43' title='bbox 736 1187 759 1282; x_wconf 82' lang='lat'>‚‘</span> <span class='ocrx_word' id='word_1_44' title='bbox 775 1185 933 1265; x_wconf 83' lang='lat' dir='ltr'>unitum</span> <span class='ocrx_word' id='word_1_45' title='bbox 960 1184 1155 1265; x_wconf 79' lang='lat' dir='ltr'>edidilieot</span> <span class='ocrx_word' id='word_1_46' title='bbox 1191 1185 1427 1289; x_wconf 80' lang='lat' dir='ltr'>Esrchios3)</span> <span class='ocrx_word' id='word_1_47' title='bbox 1441 1215 1525 1291; x_wconf 71' lang='lat' dir='ltr'>pro</span> 
     </span>
     <span class='ocr_line' id='line_1_8' title="bbox 182 1285 1526 1388; baseline 0.004 -22"><span class='ocrx_word' id='word_1_48' title='bbox 182 1341 213 1386; x_wconf 79' lang='lat'>„</span> <span class='ocrx_word' id='word_1_49' title='bbox 237 1287 338 1366; x_wconf 87' lang='lat' dir='ltr'>tinus</span> <span class='ocrx_word' id='word_1_50' title='bbox 362 1312 437 1364; x_wconf 83' lang='lat' dir='ltr'>ato</span> <span class='ocrx_word' id='word_1_51' title='bbox 462 1286 649 1384; x_wconf 79' lang='lat' dir='ltr'>eiusllen.</span> <span class='ocrx_word' id='word_1_52' title='bbox 663 1289 887 1388; x_wconf 81' lang='lat' dir='ltr'>Presbytero</span> <span class='ocrx_word' id='word_1_53' title='bbox 912 1285 1036 1365; x_wconf 84' lang='lat' dir='ltr'>adhuc</span> <span class='ocrx_word' id='word_1_54' title='bbox 1064 1285 1203 1366; x_wconf 85' lang='lat' dir='ltr'>tenella</span> <span class='ocrx_word' id='word_1_55' title='bbox 1229 1308 1336 1367; x_wconf 79' lang='lat' dir='ltr'>atate</span> <span class='ocrx_word' id='word_1_56' title='bbox 1363 1379 1364 1382; x_wconf 0' lang='lat' dir='ltr'>a</span> <span class='ocrx_word' id='word_1_57' title='bbox 1389 1314 1526 1372; x_wconf 86' lang='lat' dir='ltr'>uerum</span> 
     </span>
     <span class='ocr_line' id='line_1_9' title="bbox 185 1386 1528 1487; baseline 0.003 -22"><span class='ocrx_word' id='word_1_58' title='bbox 185 1388 475 1487; x_wconf 42' lang='lat' dir='ltr'>,seducendum</span> <span class='ocrx_word' id='word_1_59' title='bbox 501 1387 732 1469; x_wconf 84' lang='lat' dir='ltr'>tradiderunt</span> <span class='ocrx_word' id='word_1_60' title='bbox 744 1392 1049 1487; x_wconf 31' lang='lat' dir='ltr'>aldemannum</span> <span class='ocrx_word' id='word_1_61' title='bbox 1076 1386 1329 1487; x_wconf 88' lang='lat' dir='ltr'>primumsacr</span> <span class='ocrx_word' id='word_1_62' title='bbox 1395 1388 1528 1470; x_wconf 75' lang='lat' dir='ltr'>adium</span> 
     </span>
     <span class='ocr_line' id='line_1_10' title="bbox 181 1488 1568 1590; baseline 0.005 -25"><span class='ocrx_word' id='word_1_63' title='bbox 181 1491 211 1586; x_wconf 80' lang='lat'>‚&#39;‚</span> <span class='ocrx_word' id='word_1_64' title='bbox 236 1488 473 1588; x_wconf 79' lang='lat' dir='ltr'>baptismatis</span> <span class='ocrx_word' id='word_1_65' title='bbox 498 1490 692 1568; x_wconf 78' lang='lat' dir='ltr'>lavacrum</span> <span class='ocrx_word' id='word_1_66' title='bbox 727 1488 935 1590; x_wconf 81' lang='lat' dir='ltr'>suscepisset</span> <span class='ocrx_word' id='word_1_67' title='bbox 961 1488 1146 1588; x_wconf 84' lang='lat' dir='ltr'>paulatim</span> <span class='ocrx_word' id='word_1_68' title='bbox 1173 1491 1356 1588; x_wconf 69' lang='lat' dir='ltr'>praelata</span> <span class='ocrx_word' id='word_1_69' title='bbox 1382 1490 1524 1572; x_wconf 80' lang='lat' dir='ltr'>indolis</span> <span class='ocrx_word' id='word_1_70' title='bbox 1558 1501 1568 1508; x_wconf 83' lang='grc'><strong>“</strong></span> 
     </span>
     <span class='ocr_line' id='line_1_11' title="bbox 180 1587 1531 1689; baseline -0.004 -22"><span class='ocrx_word' id='word_1_71' title='bbox 180 1611 328 1687; x_wconf 70' lang='lat' dir='ltr'>„puer</span> <span class='ocrx_word' id='word_1_72' title='bbox 354 1610 536 1667; x_wconf 78' lang='lat' dir='ltr'>nontam</span> <span class='ocrx_word' id='word_1_73' title='bbox 562 1610 705 1686; x_wconf 76' lang='lat' dir='ltr'>aetate,</span> <span class='ocrx_word' id='word_1_74' title='bbox 739 1612 854 1688; x_wconf 88' lang='lat' dir='ltr'>quarn</span> <span class='ocrx_word' id='word_1_75' title='bbox 881 1589 1050 1668; x_wconf 87' lang='lat' dir='ltr'>moribus</span> <span class='ocrx_word' id='word_1_76' title='bbox 1075 1587 1264 1668; x_wconf 87' lang='lat' dir='ltr'>enutritus</span> <span class='ocrx_word' id='word_1_77' title='bbox 1290 1589 1331 1668; x_wconf 90' lang='lat' dir='ltr'>in</span> <span class='ocrx_word' id='word_1_78' title='bbox 1356 1590 1531 1689; x_wconf 76' lang='lat' dir='ltr'>angusta.</span> 
     </span>
     <span class='ocr_line' id='line_1_12' title="bbox 181 1687 1523 1787; baseline 0.002 -20"><span class='ocrx_word' id='word_1_79' title='bbox 181 1744 210 1787; x_wconf 87' lang='lat'>‚‚</span> <span class='ocrx_word' id='word_1_80' title='bbox 234 1687 401 1768; x_wconf 87' lang='lat' dir='ltr'>civitatis</span> <span class='ocrx_word' id='word_1_81' title='bbox 426 1689 591 1769; x_wconf 74' lang='lat' dir='ltr'>Ecclesia</span> <span class='ocrx_word' id='word_1_82' title='bbox 617 1689 684 1770; x_wconf 92' lang='lat' dir='ltr'>ubi</span> <span class='ocrx_word' id='word_1_83' title='bbox 710 1688 789 1785; x_wconf 83' lang='lat' dir='ltr'>ejus</span> <span class='ocrx_word' id='word_1_84' title='bbox 815 1690 959 1768; x_wconf 83' lang='lat' dir='ltr'>a&#39;rternae</span> <span class='ocrx_word' id='word_1_85' title='bbox 998 1687 1126 1767; x_wconf 86' lang='lat' dir='ltr'>salutis</span> <span class='ocrx_word' id='word_1_86' title='bbox 1152 1689 1438 1769; x_wconf 79' lang='lat' dir='ltr'>Sacramentum</span> <span class='ocrx_word' id='word_1_87' title='bbox 1463 1716 1523 1770; x_wconf 91' lang='lat' dir='ltr'>ce·</span> 
     </span>
     <span class='ocr_line' id='line_1_13' title="bbox 180 1787 1592 1889; baseline 0.003 -23"><span class='ocrx_word' id='word_1_88' title='bbox 180 1845 209 1886; x_wconf 88' lang='lat'>„</span> <span class='ocrx_word' id='word_1_89' title='bbox 234 1789 382 1869; x_wconf 87' lang='lat' dir='ltr'>lebrate</span> <span class='ocrx_word' id='word_1_90' title='bbox 395 1791 642 1870; x_wconf 83' lang='lat' dir='ltr'>consueverat</span> <span class='ocrx_word' id='word_1_91' title='bbox 668 1791 851 1870; x_wconf 88' lang='lat' dir='ltr'>sacrarum</span> <span class='ocrx_word' id='word_1_92' title='bbox 871 1812 998 1866; x_wconf 89' lang='lat' dir='ltr'>rerum</span> <span class='ocrx_word' id='word_1_93' title='bbox 1024 1787 1205 1867; x_wconf 85' lang='lat' dir='ltr'>custodiar.</span> <span class='ocrx_word' id='word_1_94' title='bbox 1221 1788 1442 1889; x_wconf 84' lang='lat' dir='ltr'>praeficitur.</span> <span class='ocrx_word' id='word_1_95' title='bbox 1470 1797 1523 1870; x_wconf 82' lang='lat' dir='ltr'>At</span> <span class='ocrx_word' id='word_1_96' title='bbox 1588 1792 1592 1798; x_wconf 83' lang='grc'><strong>’</strong></span> 
     </span>
     <span class='ocr_line' id='line_1_14' title="bbox 179 1888 1523 1991; baseline 0.003 -25"><span class='ocrx_word' id='word_1_97' title='bbox 179 1945 210 1987; x_wconf 84' lang='lat'>,‚</span> <span class='ocrx_word' id='word_1_98' title='bbox 235 1888 378 1969; x_wconf 88' lang='lat' dir='ltr'>interea</span> <span class='ocrx_word' id='word_1_99' title='bbox 403 1915 521 1991; x_wconf 86' lang='lat' dir='ltr'>quum</span> <span class='ocrx_word' id='word_1_100' title='bbox 548 1915 616 1991; x_wconf 89' lang='lat' dir='ltr'>per</span> <span class='ocrx_word' id='word_1_101' title='bbox 641 1910 788 1970; x_wconf 84' lang='lat' dir='ltr'>aetatem</span> <span class='ocrx_word' id='word_1_102' title='bbox 815 1888 1031 1968; x_wconf 87' lang='lat' dir='ltr'>divinarum</span> <span class='ocrx_word' id='word_1_103' title='bbox 1058 1889 1271 1968; x_wconf 89' lang='lat' dir='ltr'>litterarum</span> <span class='ocrx_word' id='word_1_104' title='bbox 1299 1889 1426 1970; x_wconf 86' lang='lat' dir='ltr'>studiis</span> <span class='ocrx_word' id='word_1_105' title='bbox 1452 1911 1523 1971; x_wconf 89' lang='lat' dir='ltr'>tta·</span> 
     </span>
     <span class='ocr_line' id='line_1_15' title="bbox 179 1988 1523 2093; baseline 0.002 -27"><span class='ocrx_word' id='word_1_106' title='bbox 179 2045 209 2089; x_wconf 87' lang='lat'><strong>„</strong></span> <span class='ocrx_word' id='word_1_107' title='bbox 234 1990 333 2070; x_wconf 91' lang='lat' dir='ltr'>ditus</span> <span class='ocrx_word' id='word_1_108' title='bbox 358 1993 445 2071; x_wconf 84' lang='lat' dir='ltr'>esset</span> <span class='ocrx_word' id='word_1_109' title='bbox 464 1992 526 2071; x_wconf 82' lang='lat' dir='ltr'>ita</span> <span class='ocrx_word' id='word_1_110' title='bbox 551 1991 624 2074; x_wconf 89' lang='lat' dir='ltr'>sese</span> <span class='ocrx_word' id='word_1_111' title='bbox 649 1992 852 2093; x_wconf 81' lang='lat' dir='ltr'>diligenter</span> <span class='ocrx_word' id='word_1_112' title='bbox 878 1989 1082 2085; x_wconf 84' lang='lat' dir='ltr'>exercuit,</span> <span class='ocrx_word' id='word_1_113' title='bbox 1117 2007 1160 2068; x_wconf 92' lang='lat' dir='ltr'>ut</span> <span class='ocrx_word' id='word_1_114' title='bbox 1187 1990 1222 2067; x_wconf 76' lang='lat'>8&lt;</span> <span class='ocrx_word' id='word_1_115' title='bbox 1250 1988 1413 2070; x_wconf 85' lang='lat' dir='ltr'>scientia</span> <span class='ocrx_word' id='word_1_116' title='bbox 1441 2017 1523 2091; x_wconf 87' lang='lat' dir='ltr'>pro·</span> 
     </span>
     <span class='ocr_line' id='line_1_16' title="bbox 181 2089 1523 2194; baseline 0.001 -26"><span class='ocrx_word' id='word_1_117' title='bbox 181 2146 211 2189; x_wconf 85' lang='lat'>‚‚</span> <span class='ocrx_word' id='word_1_118' title='bbox 235 2090 453 2189; x_wconf 81' lang='lat' dir='ltr'>funditate,</span> <span class='ocrx_word' id='word_1_119' title='bbox 478 2093 515 2172; x_wconf 78' lang='grc' dir='ltr'>δι</span> <span class='ocrx_word' id='word_1_120' title='bbox 539 2119 666 2193; x_wconf 85' lang='lat' dir='ltr'>rerum</span> <span class='ocrx_word' id='word_1_121' title='bbox 691 2090 925 2194; x_wconf 71' lang='lat' dir='ltr'>cognitione</span> <span class='ocrx_word' id='word_1_122' title='bbox 952 2089 1049 2170; x_wconf 90' lang='lat' dir='ltr'>nulli</span> <span class='ocrx_word' id='word_1_123' title='bbox 1077 2108 1271 2191; x_wconf 85' lang='lat' dir='ltr'>putaretur</span> <span class='ocrx_word' id='word_1_124' title='bbox 1297 2089 1367 2170; x_wconf 90' lang='lat' dir='ltr'>esse</span> <span class='ocrx_word' id='word_1_125' title='bbox 1394 2091 1523 2170; x_wconf 89' lang='lat' dir='ltr'>secun·</span> 
     </span>
     <span class='ocr_line' id='line_1_17' title="bbox 179 2191 1522 2294; baseline 0.003 -26"><span class='ocrx_word' id='word_1_126' title='bbox 179 2246 208 2290; x_wconf 85' lang='lat'>,‚</span> <span class='ocrx_word' id='word_1_127' title='bbox 234 2192 302 2269; x_wconf 84' lang='lat' dir='ltr'>dus</span> <span class='ocrx_word' id='word_1_128' title='bbox 323 2249 332 2270; x_wconf 90' lang='lat'><strong>.</strong></span> <span class='ocrx_word' id='word_1_129' title='bbox 357 2195 549 2272; x_wconf 87' lang='lat' dir='ltr'>Demum.</span> <span class='ocrx_word' id='word_1_130' title='bbox 565 2194 766 2294; x_wconf 75' lang='lat' dir='ltr'>persediam</span> <span class='ocrx_word' id='word_1_131' title='bbox 804 2193 900 2277; x_wconf 84' lang='lat' dir='ltr'>satis.</span> <span class='ocrx_word' id='word_1_132' title='bbox 917 2203 1066 2272; x_wconf 73' lang='lat' dir='ltr'>atatem</span> <span class='ocrx_word' id='word_1_133' title='bbox 1103 2191 1152 2269; x_wconf 89' lang='lat' dir='ltr'>ad</span> <span class='ocrx_word' id='word_1_134' title='bbox 1177 2214 1295 2292; x_wconf 88' lang='lat' dir='ltr'>usque</span> <span class='ocrx_word' id='word_1_135' title='bbox 1324 2191 1522 2292; x_wconf 75' lang='lat' dir='ltr'>provedius</span> 
     </span>
     <span class='ocr_line' id='line_1_18' title="bbox 181 2292 1524 2394; baseline 0.001 -24"><span class='ocrx_word' id='word_1_136' title='bbox 181 2347 210 2388; x_wconf 88' lang='lat'>,‚</span> <span class='ocrx_word' id='word_1_137' title='bbox 236 2293 421 2372; x_wconf 87' lang='lat' dir='ltr'>continuo</span> <span class='ocrx_word' id='word_1_138' title='bbox 447 2319 512 2394; x_wconf 85' lang='lat' dir='ltr'>per</span> <span class='ocrx_word' id='word_1_139' title='bbox 537 2296 715 2388; x_wconf 77' lang='lat' dir='ltr'>Sacelln,</span> <span class='ocrx_word' id='word_1_140' title='bbox 753 2294 845 2374; x_wconf 89' lang='lat' dir='ltr'>binc</span> <span class='ocrx_word' id='word_1_141' title='bbox 871 2293 959 2373; x_wconf 90' lang='lat' dir='ltr'>inde</span> <span class='ocrx_word' id='word_1_142' title='bbox 985 2293 1131 2372; x_wconf 90' lang='lat' dir='ltr'>summa</span> <span class='ocrx_word' id='word_1_143' title='bbox 1157 2292 1277 2371; x_wconf 89' lang='lat' dir='ltr'>animi</span> <span class='ocrx_word' id='word_1_144' title='bbox 1302 2292 1524 2394; x_wconf 80' lang='lat' dir='ltr'>ingeniique</span> 
     </span>
     <span class='ocr_line' id='line_1_19' title="bbox 177 2391 1527 2496; baseline 0.003 -27"><span class='ocrx_word' id='word_1_145' title='bbox 177 2446 208 2491; x_wconf 85' lang='lat'>‚,</span> <span class='ocrx_word' id='word_1_146' title='bbox 234 2391 412 2471; x_wconf 87' lang='lat' dir='ltr'>industria</span> <span class='ocrx_word' id='word_1_147' title='bbox 437 2396 578 2474; x_wconf 77' lang='lat' dir='ltr'>crebris</span> <span class='ocrx_word' id='word_1_148' title='bbox 613 2395 812 2496; x_wconf 85' lang='lat' dir='ltr'>dignisque</span> <span class='ocrx_word' id='word_1_149' title='bbox 837 2391 1079 2474; x_wconf 85' lang='lat' dir='ltr'>sermonibus</span> <span class='ocrx_word' id='word_1_150' title='bbox 1098 2392 1145 2469; x_wconf 85' lang='lat' dir='ltr'>ad</span> <span class='ocrx_word' id='word_1_151' title='bbox 1172 2392 1386 2472; x_wconf 83' lang='lat' dir='ltr'>animatum</span> <span class='ocrx_word' id='word_1_152' title='bbox 1412 2395 1527 2473; x_wconf 89' lang='lat' dir='ltr'>docu-</span> 
     </span>
     <span class='ocr_line' id='line_1_20' title="bbox 175 2493 1522 2594; baseline 0.003 -25"><span class='ocrx_word' id='word_1_153' title='bbox 175 2546 206 2588; x_wconf 85' lang='lat'>,‚</span> <span class='ocrx_word' id='word_1_154' title='bbox 232 2513 406 2571; x_wconf 87' lang='lat' dir='ltr'>mentum</span> <span class='ocrx_word' id='word_1_155' title='bbox 432 2495 633 2594; x_wconf 85' lang='lat' dir='ltr'>Evangelii</span> <span class='ocrx_word' id='word_1_156' title='bbox 658 2493 947 2575; x_wconf 88' lang='lat' dir='ltr'>saluberrimum</span> <span class='ocrx_word' id='word_1_157' title='bbox 974 2493 1207 2572; x_wconf 84' lang='lat' dir='ltr'>disseminare</span> <span class='ocrx_word' id='word_1_158' title='bbox 1234 2493 1396 2586; x_wconf 86' lang='lat' dir='ltr'>semen,</span> <span class='ocrx_word' id='word_1_159' title='bbox 1432 2520 1522 2573; x_wconf 88' lang='lat' dir='ltr'>cum</span> 
     </span>
     <span class='ocr_line' id='line_1_21' title="bbox 181 2591 1526 2694; baseline 0.002 -25"><span class='ocrx_word' id='word_1_160' title='bbox 181 2645 207 2686; x_wconf 88' lang='lat'>.‚</span> <span class='ocrx_word' id='word_1_161' title='bbox 231 2591 389 2690; x_wconf 89' lang='lat' dir='ltr'>publice.</span> <span class='ocrx_word' id='word_1_162' title='bbox 420 2616 502 2674; x_wconf 90' lang='lat' dir='ltr'>tum</span> <span class='ocrx_word' id='word_1_163' title='bbox 530 2596 674 2694; x_wconf 84' lang='lat' dir='ltr'>private</span> <span class='ocrx_word' id='word_1_164' title='bbox 711 2620 789 2675; x_wconf 88' lang='lat' dir='ltr'>nott</span> <span class='ocrx_word' id='word_1_165' title='bbox 813 2596 1002 2675; x_wconf 81' lang='lat' dir='ltr'>cessabat.</span> <span class='ocrx_word' id='word_1_166' title='bbox 1040 2594 1122 2691; x_wconf 86' lang='lat' dir='ltr'>Qui</span> <span class='ocrx_word' id='word_1_167' title='bbox 1159 2592 1323 2694; x_wconf 81' lang='lat' dir='ltr'>maxima</span> <span class='ocrx_word' id='word_1_168' title='bbox 1359 2593 1526 2693; x_wconf 66' lang='lat' dir='ltr'>profesio</span> 
     </span>
     <span class='ocr_line' id='line_1_22' title="bbox 179 2692 1525 2796; baseline 0.004 -28"><span class='ocrx_word' id='word_1_169' title='bbox 179 2745 208 2788; x_wconf 88' lang='lat'>„</span> <span class='ocrx_word' id='word_1_170' title='bbox 232 2716 344 2789; x_wconf 87' lang='lat' dir='ltr'>quarn</span> <span class='ocrx_word' id='word_1_171' title='bbox 372 2693 415 2772; x_wconf 90' lang='lat' dir='ltr'>in</span> <span class='ocrx_word' id='word_1_172' title='bbox 442 2697 570 2776; x_wconf 89' lang='lat' dir='ltr'>Deum</span> <span class='ocrx_word' id='word_1_173' title='bbox 597 2696 735 2796; x_wconf 77' lang='lat' dir='ltr'>pietate</span> <span class='ocrx_word' id='word_1_174' title='bbox 764 2696 954 2795; x_wconf 83' lang='lat' dir='ltr'>pollebat,</span> <span class='ocrx_word' id='word_1_175' title='bbox 981 2692 1254 2773; x_wconf 88' lang='lat' dir='ltr'>miraculorum</span> <span class='ocrx_word' id='word_1_176' title='bbox 1266 2694 1525 2795; x_wconf 83' lang='lat' dir='ltr'>etiamampli·</span> 
     </span>
     <span class='ocr_line' id='line_1_23' title="bbox 180 2791 1525 2898; baseline 0.005 -31"><span class='ocrx_word' id='word_1_177' title='bbox 180 2843 209 2891; x_wconf 85' lang='lat'>‚‚</span> <span class='ocrx_word' id='word_1_178' title='bbox 235 2792 364 2872; x_wconf 90' lang='lat' dir='ltr'>tudine</span> <span class='ocrx_word' id='word_1_179' title='bbox 389 2796 689 2896; x_wconf 72' lang='lat' dir='ltr'>omnibusnene</span> <span class='ocrx_word' id='word_1_180' title='bbox 716 2796 864 2898; x_wconf 83' lang='lat' dir='ltr'>populis</span> <span class='ocrx_word' id='word_1_181' title='bbox 890 2794 1056 2897; x_wconf 89' lang='lat' dir='ltr'>regionis</span> <span class='ocrx_word' id='word_1_182' title='bbox 1083 2791 1188 2874; x_wconf 87' lang='lat' dir='ltr'>illius</span> <span class='ocrx_word' id='word_1_183' title='bbox 1214 2816 1291 2874; x_wconf 88' lang='lat' dir='ltr'>non</span> <span class='ocrx_word' id='word_1_184' title='bbox 1309 2794 1525 2874; x_wconf 74' lang='lat' dir='ltr'>enirnzlate-</span> 
     </span>
     <span class='ocr_line' id='line_1_24' title="bbox 178 2893 1521 2998; baseline 0.001 -28"><span class='ocrx_word' id='word_1_185' title='bbox 178 2947 207 2991; x_wconf 81' lang='lat'>‚‚</span> <span class='ocrx_word' id='word_1_186' title='bbox 232 2917 271 2970; x_wconf 89' lang='lat' dir='ltr'>te</span> <span class='ocrx_word' id='word_1_187' title='bbox 296 2893 431 2974; x_wconf 83' lang='lat' dir='ltr'>ciuitas</span> <span class='ocrx_word' id='word_1_188' title='bbox 456 2896 564 2997; x_wconf 87' lang='lat' dir='ltr'>supra</span> <span class='ocrx_word' id='word_1_189' title='bbox 589 2917 761 2977; x_wconf 88' lang='lat' dir='ltr'>montem</span> <span class='ocrx_word' id='word_1_190' title='bbox 790 2920 936 2998; x_wconf 86' lang='lat' dir='ltr'>poterat</span> <span class='ocrx_word' id='word_1_191' title='bbox 963 2896 1179 2977; x_wconf 88' lang='lat' dir='ltr'>incredibili</span> <span class='ocrx_word' id='word_1_192' title='bbox 1208 2918 1422 2996; x_wconf 87' lang='lat' dir='ltr'>temporum</span> <span class='ocrx_word' id='word_1_193' title='bbox 1444 2898 1521 2996; x_wconf 87' lang='lat' dir='ltr'>opi-</span> 
     </span>
     <span class='ocr_line' id='line_1_25' title="bbox 179 2993 1526 3096; baseline 0.001 -25"><span class='ocrx_word' id='word_1_194' title='bbox 179 3047 208 3091; x_wconf 84' lang='lat'>„</span> <span class='ocrx_word' id='word_1_195' title='bbox 233 2993 378 3073; x_wconf 86' lang='lat' dir='ltr'>tulanre</span> <span class='ocrx_word' id='word_1_196' title='bbox 405 2997 577 3076; x_wconf 88' lang='lat' dir='ltr'>Domino</span> <span class='ocrx_word' id='word_1_197' title='bbox 610 2998 778 3081; x_wconf 85' lang='lat' dir='ltr'>saciebat&#39;</span> <span class='ocrx_word' id='word_1_198' title='bbox 808 2999 1041 3078; x_wconf 81' lang='lat' dir='ltr'>admirabilis</span> <span class='ocrx_word' id='word_1_199' title='bbox 1068 2998 1269 3080; x_wconf 88' lang='lat' dir='ltr'>haberetur</span> <span class='ocrx_word' id='word_1_200' title='bbox 1306 2997 1526 3096; x_wconf 88' lang='lat' dir='ltr'>videretque</span> 
     </span>
     <span class='ocr_line' id='line_1_26' title="bbox 180 3091 1525 3207; baseline 0.003 -37"><span class='ocrx_word' id='word_1_201' title='bbox 180 3147 208 3192; x_wconf 86' lang='lat'>„</span> <span class='ocrx_word' id='word_1_202' title='bbox 233 3091 301 3207; x_wconf 85' lang='lat' dir='ltr'>sibi</span> <span class='ocrx_word' id='word_1_203' title='bbox 327 3095 479 3176; x_wconf 71' lang='lat' dir='ltr'>coelitus</span> <span class='ocrx_word' id='word_1_204' title='bbox 504 3099 575 3176; x_wconf 85' lang='lat' dir='ltr'>else</span> <span class='ocrx_word' id='word_1_205' title='bbox 601 3099 822 3196; x_wconf 87' lang='lat' dir='ltr'>decretum,</span> <span class='ocrx_word' id='word_1_206' title='bbox 847 3100 936 3178; x_wconf 90' lang='lat' dir='ltr'>urei</span> <span class='ocrx_word' id='word_1_207' title='bbox 963 3097 1195 3199; x_wconf 79' lang='lat' dir='ltr'>potissimum</span> <span class='ocrx_word' id='word_1_208' title='bbox 1218 3120 1301 3177; x_wconf 92' lang='lat' dir='ltr'>tum</span> <span class='ocrx_word' id='word_1_209' title='bbox 1323 3098 1525 3175; x_wconf 85' lang='lat' dir='ltr'>animiser·</span> 
     </span>
     <span class='ocr_line' id='line_1_27' title="bbox 180 3193 1525 3299; baseline 0.004 -29"><span class='ocrx_word' id='word_1_210' title='bbox 180 3245 209 3290; x_wconf 82' lang='lat'>‚,</span> <span class='ocrx_word' id='word_1_211' title='bbox 235 3193 368 3292; x_wconf 77' lang='lat' dir='ltr'>vitio,</span> <span class='ocrx_word' id='word_1_212' title='bbox 406 3219 488 3277; x_wconf 90' lang='lat' dir='ltr'>tum</span> <span class='ocrx_word' id='word_1_213' title='bbox 513 3198 630 3277; x_wconf 87' lang='lat' dir='ltr'>etiam</span> <span class='ocrx_word' id='word_1_214' title='bbox 657 3200 825 3299; x_wconf 85' lang='lat' dir='ltr'>corporis</span> <span class='ocrx_word' id='word_1_215' title='bbox 852 3198 1012 3277; x_wconf 89' lang='lat' dir='ltr'>studeret</span> <span class='ocrx_word' id='word_1_216' title='bbox 1038 3197 1241 3292; x_wconf 74' lang='lat' dir='ltr'>insistere,</span> <span class='ocrx_word' id='word_1_217' title='bbox 1272 3198 1378 3294; x_wconf 79' lang='lat' dir='ltr'>cujus</span> <span class='ocrx_word' id='word_1_218' title='bbox 1403 3196 1525 3295; x_wconf 89' lang='lat' dir='ltr'>gratia</span> 
     </span>
     <span class='ocr_line' id='line_1_28' title="bbox 180 3294 1527 3410; baseline 0.002 -39"><span class='ocrx_word' id='word_1_219' title='bbox 180 3348 208 3391; x_wconf 86' lang='lat'>‚‚</span> <span class='ocrx_word' id='word_1_220' title='bbox 233 3313 345 3395; x_wconf 87' lang='lat' dir='ltr'>atque</span> <span class='ocrx_word' id='word_1_221' title='bbox 372 3296 513 3376; x_wconf 89' lang='lat' dir='ltr'>virtute</span> <span class='ocrx_word' id='word_1_222' title='bbox 541 3319 599 3378; x_wconf 89' lang='lat' dir='ltr'>tot</span> <span class='ocrx_word' id='word_1_223' title='bbox 625 3299 896 3380; x_wconf 85' lang='lat' dir='ltr'>miraculorum</span> <span class='ocrx_word' id='word_1_224' title='bbox 924 3296 1082 3399; x_wconf 79' lang='lat' dir='ltr'>insignia</span> <span class='ocrx_word' id='word_1_225' title='bbox 1109 3299 1146 3375; x_wconf 80' lang='lat' dir='ltr'>dc</span> <span class='ocrx_word' id='word_1_226' title='bbox 1172 3317 1346 3409; x_wconf 78' lang='lat' dir='ltr'>portenta</span> <span class='ocrx_word' id='word_1_227' title='bbox 1370 3294 1412 3374; x_wconf 91' lang='lat' dir='ltr'>in</span> <span class='ocrx_word' id='word_1_228' title='bbox 1438 3321 1527 3410; x_wconf 55' lang='lat'>9⁶9·</span> 
     </span>
     <span class='ocr_line' id='line_1_29' title="bbox 180 3394 1523 3496; baseline 0.001 -26"><span class='ocrx_word' id='word_1_229' title='bbox 180 3394 282 3492; x_wconf 86' lang='lat' dir='ltr'>„lis</span> <span class='ocrx_word' id='word_1_230' title='bbox 311 3397 486 3478; x_wconf 84' lang='lat' dir='ltr'>omniunt</span> <span class='ocrx_word' id='word_1_231' title='bbox 523 3403 723 3480; x_wconf 69' lang='lat' dir='ltr'>exercebat</span> <span class='ocrx_word' id='word_1_232' title='bbox 748 3399 864 3480; x_wconf 89' lang='lat' dir='ltr'>subiit</span> <span class='ocrx_word' id='word_1_233' title='bbox 890 3400 1097 3493; x_wconf 84' lang='lat' dir='ltr'>animum,</span> <span class='ocrx_word' id='word_1_234' title='bbox 1133 3395 1285 3494; x_wconf 71' lang='lat' dir='ltr'>dejebits</span> <span class='ocrx_word' id='word_1_235' title='bbox 1311 3423 1332 3476; x_wconf 90' lang='lat' dir='ltr'>e</span> <span class='ocrx_word' id='word_1_236' title='bbox 1360 3394 1523 3496; x_wconf 85' lang='lat' dir='ltr'>vestrgro</span> 
     </span>
     <span class='ocr_line' id='line_1_30' title="bbox 179 3493 1528 3598; baseline 0.005 -28"><span class='ocrx_word' id='word_1_237' title='bbox 179 3543 210 3591; x_wconf 83' lang='lat'><strong>„</strong></span> <span class='ocrx_word' id='word_1_238' title='bbox 237 3493 463 3578; x_wconf 87' lang='lat' dir='ltr'>secularibus</span> <span class='ocrx_word' id='word_1_239' title='bbox 489 3498 725 3579; x_wconf 89' lang='lat' dir='ltr'>indumentis</span> <span class='ocrx_word' id='word_1_240' title='bbox 752 3499 964 3598; x_wconf 87' lang='lat' dir='ltr'>religiosam</span> <span class='ocrx_word' id='word_1_241' title='bbox 992 3498 1149 3578; x_wconf 89' lang='lat' dir='ltr'>induere</span> <span class='ocrx_word' id='word_1_242' title='bbox 1177 3496 1316 3576; x_wconf 86' lang='lat' dir='ltr'>veliem</span> <span class='ocrx_word' id='word_1_243' title='bbox 1343 3496 1528 3597; x_wconf 88' lang='lat' dir='ltr'>sacrisque</span> 
     </span>
     <span class='ocr_line' id='line_1_31' title="bbox 179 3595 1528 3714; baseline 0.003 -42"><span class='ocrx_word' id='word_1_244' title='bbox 179 3648 208 3698; x_wconf 66' lang='lat'>‚2</span> <span class='ocrx_word' id='word_1_245' title='bbox 232 3595 267 3676; x_wconf 89' lang='lat' dir='ltr'>se</span> <span class='ocrx_word' id='word_1_246' title='bbox 294 3598 330 3676; x_wconf 89' lang='lat' dir='ltr'>se</span> <span class='ocrx_word' id='word_1_247' title='bbox 356 3598 555 3680; x_wconf 89' lang='lat' dir='ltr'>ordinibus</span> <span class='ocrx_word' id='word_1_248' title='bbox 581 3599 783 3702; x_wconf 76' lang='lat' dir='ltr'>insignire,</span> <span class='ocrx_word' id='word_1_249' title='bbox 809 3626 885 3701; x_wconf 88' lang='lat' dir='ltr'>quo</span> <span class='ocrx_word' id='word_1_250' title='bbox 913 3624 991 3678; x_wconf 89' lang='lat' dir='ltr'>nott</span> <span class='ocrx_word' id='word_1_251' title='bbox 1005 3598 1275 3678; x_wconf 84' lang='lat' dir='ltr'>minushabitu</span> <span class='ocrx_word' id='word_1_252' title='bbox 1300 3622 1414 3698; x_wconf 87' lang='lat' dir='ltr'>quam</span> <span class='ocrx_word' id='word_1_253' title='bbox 1440 3622 1528 3714; x_wconf 74' lang='lat' dir='ltr'>ope·</span> 
     </span>
     <span class='ocr_line' id='line_1_32' title="bbox 178 3697 1529 3802; baseline 0.002 -29"><span class='ocrx_word' id='word_1_254' title='bbox 178 3749 207 3792; x_wconf 86' lang='lat'>‚‚</span> <span class='ocrx_word' id='word_1_255' title='bbox 232 3721 272 3774; x_wconf 88' lang='lat' dir='ltr'>re</span> <span class='ocrx_word' id='word_1_256' title='bbox 299 3697 408 3779; x_wconf 79' lang='lat' dir='ltr'>simul</span> <span class='ocrx_word' id='word_1_257' title='bbox 435 3700 609 3781; x_wconf 89' lang='lat' dir='ltr'>Domino</span> <span class='ocrx_word' id='word_1_258' title='bbox 634 3703 701 3779; x_wconf 87' lang='lat' dir='ltr'>suo</span> <span class='ocrx_word' id='word_1_259' title='bbox 727 3725 851 3802; x_wconf 89' lang='lat' dir='ltr'>aquo</span> <span class='ocrx_word' id='word_1_260' title='bbox 878 3720 936 3780; x_wconf 92' lang='lat' dir='ltr'>tot</span> <span class='ocrx_word' id='word_1_261' title='bbox 962 3699 1106 3780; x_wconf 86' lang='lat' dir='ltr'>talenta</span> <span class='ocrx_word' id='word_1_262' title='bbox 1139 3700 1344 3798; x_wconf 84' lang='lat' dir='ltr'>susceperat</span> <span class='ocrx_word' id='word_1_263' title='bbox 1369 3698 1529 3778; x_wconf 77' lang='lat' dir='ltr'>desern-</span> 
     </span>
     <span class='ocr_line' id='line_1_33' title="bbox 178 3796 1528 3901; baseline 0.001 -28"><span class='ocrx_word' id='word_1_264' title='bbox 178 3849 207 3894; x_wconf 83' lang='lat'>‚,</span> <span class='ocrx_word' id='word_1_265' title='bbox 234 3817 312 3874; x_wconf 87' lang='lat' dir='ltr'>ret.</span> <span class='ocrx_word' id='word_1_266' title='bbox 339 3801 468 3901; x_wconf 89' lang='lat' dir='ltr'>ltaque</span> <span class='ocrx_word' id='word_1_267' title='bbox 490 3800 537 3882; x_wconf 87' lang='lat' dir='ltr'>itt</span> <span class='ocrx_word' id='word_1_268' title='bbox 564 3802 708 3901; x_wconf 88' lang='lat' dir='ltr'>templo</span> <span class='ocrx_word' id='word_1_269' title='bbox 734 3800 979 3882; x_wconf 80' lang='lat' dir='ltr'>sacratissimae</span> <span class='ocrx_word' id='word_1_270' title='bbox 1000 3801 1075 3880; x_wconf 89' lang='lat' dir='ltr'>Dei</span> <span class='ocrx_word' id='word_1_271' title='bbox 1102 3798 1298 3901; x_wconf 85' lang='lat' dir='ltr'>genitricis</span> <span class='ocrx_word' id='word_1_272' title='bbox 1317 3853 1336 3894; x_wconf 71' lang='lat'>,</span> <span class='ocrx_word' id='word_1_273' title='bbox 1355 3796 1457 3899; x_wconf 88' lang='lat' dir='ltr'>quod</span> <span class='ocrx_word' id='word_1_274' title='bbox 1482 3822 1528 3875; x_wconf 85' lang='lat' dir='ltr'>ea</span> 
     </span>
     <span class='ocr_line' id='line_1_34' title="bbox 180 3896 1528 4003; baseline -0.001 -27"><span class='ocrx_word' id='word_1_275' title='bbox 180 3949 210 3994; x_wconf 82' lang='lat'>‚‚</span> <span class='ocrx_word' id='word_1_276' title='bbox 237 3898 454 3997; x_wconf 74' lang='lat' dir='ltr'>tempestate</span> <span class='ocrx_word' id='word_1_277' title='bbox 489 3901 546 3980; x_wconf 92' lang='lat' dir='ltr'>ibi</span> <span class='ocrx_word' id='word_1_278' title='bbox 582 3927 696 4003; x_wconf 89' lang='lat' dir='ltr'>quam</span> <span class='ocrx_word' id='word_1_279' title='bbox 722 3902 1014 3984; x_wconf 87' lang='lat' dir='ltr'>celeberrimum</span> <span class='ocrx_word' id='word_1_280' title='bbox 1054 3902 1262 3979; x_wconf 86' lang='lat' dir='ltr'>habebatur</span> <span class='ocrx_word' id='word_1_281' title='bbox 1296 3902 1345 3979; x_wconf 89' lang='lat' dir='ltr'>ab</span> <span class='ocrx_word' id='word_1_282' title='bbox 1371 3896 1528 3977; x_wconf 78' lang='lat' dir='ltr'>Amasia</span> 
     </span>
     <span class='ocr_line' id='line_1_35' title="bbox 181 4002 1481 4099; baseline 0.002 -25"><span class='ocrx_word' id='word_1_283' title='bbox 181 4063 188 4074; x_wconf 92' lang='lat'><em>.</em></span> <span class='ocrx_word' id='word_1_284' title='bbox 285 4003 393 4078; x_wconf 49' lang='lat' dir='ltr'>Tomi</span> <span class='ocrx_word' id='word_1_285' title='bbox 412 4006 510 4080; x_wconf 84' lang='lat' dir='ltr'>Vlll.</span> <span class='ocrx_word' id='word_1_286' title='bbox 1019 4002 1055 4077; x_wconf 88' lang='lat' dir='ltr'>V</span> <span class='ocrx_word' id='word_1_287' title='bbox 1357 4023 1481 4099; x_wconf 76' lang='lat' dir='ltr'>„pta-</span> 
     </span>
    </p>
   </div>
   <div class='ocr_carea' id='block_1_4' title="bbox 184 4145 1528 4331">
    <p class='ocr_par' dir='ltr' id='par_1_4' title="bbox 184 4145 1528 4331">
     <span class='ocr_line' id='line_1_36' title="bbox 184 4145 1494 4259; baseline 0 -27"><span class='ocrx_word' id='word_1_288' title='bbox 184 4171 248 4247; x_wconf 83' lang='lat'>(2)</span> <span class='ocrx_word' id='word_1_289' title='bbox 269 4177 376 4247; x_wconf 74' lang='lat' dir='ltr'>Locum</span> <span class='ocrx_word' id='word_1_290' title='bbox 396 4151 574 4236; x_wconf 72' lang='lat' dir='ltr'>Natiuitatis</span> <span class='ocrx_word' id='word_1_291' title='bbox 595 4176 701 4236; x_wconf 63' lang='lat' dir='ltr'>tollam</span> <span class='ocrx_word' id='word_1_292' title='bbox 721 4145 810 4238; x_wconf 80' lang='lat' dir='ltr'>Tbeii</span> <span class='ocrx_word' id='word_1_293' title='bbox 828 4193 917 4238; x_wconf 78' lang='lat' dir='ltr'>vocat</span> <span class='ocrx_word' id='word_1_294' title='bbox 932 4175 1098 4237; x_wconf 81' lang='lat' dir='ltr'>Eustachiut</span> <span class='ocrx_word' id='word_1_295' title='bbox 1119 4193 1220 4250; x_wconf 61' lang='lat' dir='ltr'>eamr.</span> <span class='ocrx_word' id='word_1_296' title='bbox 1485 4244 1494 4259; x_wconf 88' lang='lat'><strong>.</strong></span> 
     </span>
     <span class='ocr_line' id='line_1_37' title="bbox 188 4250 1528 4331; baseline -0.009 -14"><span class='ocrx_word' id='word_1_297' title='bbox 188 4251 249 4327; x_wconf 84' lang='lat'>(3)</span> <span class='ocrx_word' id='word_1_298' title='bbox 269 4255 348 4309; x_wconf 76' lang='lat' dir='ltr'>neus</span> <span class='ocrx_word' id='word_1_299' title='bbox 366 4250 454 4312; x_wconf 79' lang='lat' dir='ltr'>nostri</span> <span class='ocrx_word' id='word_1_300' title='bbox 474 4254 567 4312; x_wconf 71' lang='lat' dir='ltr'>sanai</span> <span class='ocrx_word' id='word_1_301' title='bbox 589 4251 746 4328; x_wconf 66' lang='lat' dir='ltr'>eutychius</span> <span class='ocrx_word' id='word_1_302' title='bbox 767 4257 935 4315; x_wconf 78' lang='lat' dir='ltr'>nominatur</span> <span class='ocrx_word' id='word_1_303' title='bbox 956 4256 994 4315; x_wconf 85' lang='lat' dir='ltr'>ab</span> <span class='ocrx_word' id='word_1_304' title='bbox 1013 4250 1183 4324; x_wconf 70' lang='lat' dir='ltr'>Eustochio,</span> <span class='ocrx_word' id='word_1_305' title='bbox 1202 4251 1252 4331; x_wconf 79' lang='lat' dir='ltr'>qni</span> <span class='ocrx_word' id='word_1_306' title='bbox 1273 4250 1299 4311; x_wconf 82' lang='lat' dir='ltr'>dc</span> <span class='ocrx_word' id='word_1_307' title='bbox 1320 4260 1454 4327; x_wconf 77' lang='lat' dir='ltr'>parentet</span> <span class='ocrx_word' id='word_1_308' title='bbox 1467 4262 1528 4321; x_wconf 70' lang='lat' dir='ltr'>erut</span> 
     </span>
    </p>
   </div>
   <div class='ocr_carea' id='block_1_5' title="bbox 180 4327 911 4414">
    <p class='ocr_par' dir='ltr' id='par_1_5' title="bbox 180 4327 911 4414">
     <span class='ocr_line' id='line_1_38' title="bbox 180 4327 911 4414; baseline 0.003 -26"><span class='ocrx_word' id='word_1_309' title='bbox 180 4357 186 4364; x_wconf 96' lang='lat'><strong>·</strong></span> <span class='ocrx_word' id='word_1_310' title='bbox 239 4327 397 4389; x_wconf 67' lang='lat' dir='ltr'>enutriat</span> <span class='ocrx_word' id='word_1_311' title='bbox 417 4328 614 4393; x_wconf 74' lang='lat' dir='ltr'>Alexandrum</span> <span class='ocrx_word' id='word_1_312' title='bbox 634 4332 660 4391; x_wconf 77' lang='lat' dir='ltr'>dt</span> <span class='ocrx_word' id='word_1_313' title='bbox 680 4329 851 4407; x_wconf 66' lang='lat' dir='ltr'>Gemitus.</span> <span class='ocrx_word' id='word_1_314' title='bbox 904 4405 911 4414; x_wconf 33' lang='lat'>·</span> 
     </span>
    </p>
   </div>
   <div class='ocr_carea' id='block_1_6' title="bbox 0 0 1973 5342">
    <p class='ocr_par' dir='ltr' id='par_1_6' title="bbox 0 0 1973 5342">
     <span class='ocr_line' id='line_1_39' title="bbox 0 0 1973 5342; baseline 0 0"><span class='ocrx_word' id='word_1_315' title='bbox 0 0 1973 5342; x_wconf 95' lang='lat' dir='ltr'> </span> 
     </span>
    </p>
   </div>
  </div>
 </body>
</html>
